2176 3450
990 399 1082 446 129

250 531 457 584 κυκεῶνα,
481 523 595 588 γάλα
654 522 817 584 (einen
876 519 1173 572 Milchtrank
1229 520 1356 569 oder
1415 519 1496 569 ein
1550 518 1821 584 Milchbad)

251 610 549 677 Μνημοσύνης
571 612 706 676 ὕδωρ.
1553 662 1556 670 ,

317 696 462 761 Quae
495 697 858 764 argumentatio
867 702 902 759 ¹)
937 714 1142 763 prorsus
1175 694 1422 746 reicienda
1453 710 1569 744 esse
1601 693 1820 753 videtur3

254 797 422 847 neque
454 781 585 831 enim
610 801 773 829 κυκεων
801 780 968 832 aureis
999 780 1048 830 in
1081 779 1274 830 laminis
1296 778 1632 842 nominaui-⁸),
1658 793 1823 842 neque

251 865 465 914 eundem
498 863 752 913 hominem
786 873 840 913 et
874 855 1232 929 Mnemosynae
1265 878 1447 928 aquam
1489 860 1724 926 petivisse
1768 870 1823 910 et

252 947 331 1007 „in
382 946 459 996 lac
508 946 778 996 cecidisse''
828 963 892 995 ex
940 946 1136 996 laminis
1179 945 1311 996 effici
1353 953 1533 1010 potest.
1583 942 1822 993 Videmus

250 1030 383 1079 enim
416 1029 562 1079 alium
602 1029 871 1093 (hominem
905 1029 1198 1095 Petelinum)
1241 1028 1606 1093 Mnemosynae
1639 1044 1822 1077 munus

250 1111 518 1179 flagitasse,
537 1112 661 1161 alios
679 1117 887 1177 (mystas
902 1112 1173 1173 Thurinos)
1197 1110 1524 1176 Proserpinae
1547 1110 1638 1159 ὑπδ
1659 1109 1822 1160 κόλπον

251 1199 373 1245 δῦναι
401 1212 465 1245 eo
497 1195 703 1244 consilio
736 1205 790 1244 ut
822 1195 905 1245 dei
938 1195 1133 1245 fierent.
1169 1194 1402 1260 Sequitur
1435 1203 1489 1243 ut
1510 1203 1705 1259 mystae
1729 1193 1823 1243 tria

252 1278 488 1343 deinceps
531 1277 711 1343 pocula
755 1295 854 1328 non
898 1279 1124 1328 biberint.
1171 1279 1312 1345 Ergo
1345 1277 1442 1326 huc
1475 1293 1574 1326 non
1608 1276 1824 1342 pertinet

252 1362 606 1428 symbolum⁸):
640 1365 790 1425 τρίτου
813 1366 1031 1426 κρατῆρος
1052 1362 1232 1422 sycion».

317 1444 468 1507 Quod
501 1461 612 1494 cum
644 1444 692 1493 in
725 1443 958 1494 confesso
990 1444 1069 1502 sit,
1093 1454 1300 1510 rogatur
1327 1444 1424 1494 iam
1452 1459 1619 1493 unane
1645 1442 1823 1495 saltem

252 1528 390 1594 potio
423 1527 643 1578 adhibita
677 1528 842 1586 fuerit3
877 1528 1187 1578 meminimus
1214 1528 1344 1577 enim
1373 1527 1484 1576 aliis
1506 1527 1554 1576 in
1577 1526 1824 1592 mysteriis

252 1627 443 1661 morem
478 1610 630 1661 fuisse
663 1622 718 1660 ut
751 1611 967 1660 initiandi
1001 1610 1182 1677 aliquid
1213 1611 1424 1660 ederent
1457 1621 1511 1659 et
1546 1610 1773 1660 biberent
1784 1612 1822 1671 ⁴)

321 1808 352 1861 ¹)
378 1808 605 1849 Mithraslit.
633 1821 674 1860 p.
707 1809 874 1861 171l⁷²=
901 1807 1011 1858 „Wir
1037 1808 1182 1848 durfen
1210 1807 1302 1848 eine
1328 1807 1551 1848 Vorsehrift
1577 1807 1650 1848 wie
1666 1807 1733 1848 die
1750 1808 1824 1848 des

252 1873 430 1914 Berliner
463 1874 772 1914 Zauberbuches
785 1902 796 1914 .
814 1903 824 1914 .
842 1903 853 1915 .
888 1885 934 1913 so
969 1873 1206 1924 beurteilen,
1242 1873 1335 1913 dass
1370 1873 1457 1913 hier
1490 1873 1557 1913 die
1592 1873 1824 1925 liturgische

253 1939 503 1991 Anweisung
538 1938 649 1980 eines
682 1951 848 1991 grosseti
886 1939 1036 1980 Kultus
1073 1939 1373 1979 heruntersinkt
1389 1969 1400 1979 .
1415 1967 1426 1979 .
1442 1968 1453 1979 .
1481 1940 1612 1978 Wenn
1641 1938 1721 1988 wir,
1750 1938 1824 1979 wie

253 2004 324 2045 vir
349 2005 494 2045 durren
523 2004 610 2044 und
636 2012 815 2054 mussen,
841 2003 909 2045 die
933 2003 1175 2044 Inschriften
1203 2005 1274 2044 der
1301 2003 1628 2045 unteritalisehen
1666 2005 1824 2045 Graber

254 2070 327 2110 der
350 2071 513 2122 Mysten
542 2069 652 2110 eines
679 2070 888 2110 Glaubens
922 2070 1332 2110 zusammennehmen
1370 2083 1440 2110 zur
1474 2069 1822 2111 Rekonstruktion

252 2134 359 2176 ihren
383 2135 553 2186 Rituals,
579 2148 625 2176 so
650 2135 866 2188 gewinnen
893 2134 974 2185 wir,
1003 2135 1078 2175 wie
1103 2134 1170 2175 ich
1192 2135 1339 2186 meine,
1358 2135 1432 2176 mit
1450 2135 1572 2176 voller
1588 2135 1823 2186 Sichetkeit,

254 2199 373 2242 einen
399 2201 541 2241 Trank
566 2201 639 2241 des
663 2203 800 2251 ιυιωόν,
835 2200 955 2241 einen
983 2200 1229 2241 Milchtrank
1256 2202 1355 2241 oder
1381 2208 1483 2241 etwa
1509 2201 1575 2241 ein
1605 2201 1824 2252 Milchbad,

254 2267 341 2306 und
369 2265 530 2306 endlich
557 2266 638 2306 den
666 2267 807 2307 Trank
834 2267 907 2306 dee
939 2267 1117 2306 Waxsers
1155 2267 1228 2307 der
1261 2266 1544 2318 Erinnerung.
1565 2296 1575 2306 .
1591 2295 1629 2307 ..
1663 2267 1825 2307 Gerade

254 2344 301 2372 ιο
327 2330 426 2372 vird
453 2332 559 2372 noch
585 2331 628 2371 in
656 2332 729 2372 der
753 2332 1062 2382 zauberaktion,
1089 2331 1156 2371 die
1182 2331 1248 2372 bei
1275 2332 1433 2371 Lukian
1461 2332 1533 2372 der
1558 2332 1727 2372 Schnler
1752 2332 1824 2372 des

253 2398 474 2446 Zoroaster,
508 2398 567 2438 M.
601 2396 834 2447 vomimmt,
870 2405 948 2438 etc.
964 2426 974 2437 .
991 2428 1001 2437 .
1019 2426 1029 2437 .
1070 2398 1199 2438 Mann
1241 2410 1352 2437 muss
1392 2398 1489 2437 aber
1528 2398 1634 2437 auch
1675 2396 1824 2437 unwill-

254 2462 409 2503 kurlieh
435 2475 487 2503 an
516 2462 582 2503 die
608 2462 694 2502 drei
719 2463 870 2503 Becher
895 2463 1070 2512 denken,
1099 2462 1165 2502 die
1192 2463 1286 2503 dem
1306 2462 1614 2515 neugeweihten
1632 2462 1821 2503 Christen

255 2528 435 2580 gereicht
461 2528 621 2568 werden
647 2527 890 2578 (Didascalia
916 2529 1098 2580 Apostol.
1128 2541 1168 2580 p.
1200 2541 1271 2568 111
1304 2529 1367 2568 ed.
1397 2528 1605 2576 Hauler).”

322 2610 354 2659 ²)
379 2612 427 2651 In
453 2611 611 2652 laminis
634 2614 756 2650 nae-'w
786 2623 869 2651 non
907 2610 1162 2661 nominatum
1196 2611 1249 2651 de
1285 2619 1508 2664 mystarum
1542 2610 1693 2651 ieiunia
1728 2610 1823 2652 vide

255 2675 360 2717 infra
384 2690 477 2729 cap.
504 2678 561 2716 vl
590 2682 611 2726 ς
642 2691 658 2717 1
692 2678 736 2718 B.

323 2760 354 2809 ¹)
380 2760 612 2813 Apostolius
643 2772 705 2811 17,
734 2761 798 2810 28,
826 2766 856 2801 t.
884 2760 923 2800 11
949 2772 991 2812 p.
1019 2760 1096 2813 692
1125 2772 1305 2812 paroem.
1332 2759 1446 2800 Gott.
1466 2761 1635 2813 τρίτου..
1653 2790 1662 2801 .
1683 2761 1825 2811 θεύσει,

256 2826 313 2865 ὀπὶ
336 2832 405 2864 νῦν
439 2827 659 2878 μεμυημένων
692 2826 739 2864 τὰ
769 2826 961 2864 “mmm
994 2826 1052 2863 καὶ
1086 2824 1395 2878 σκηριυδόστνρα.

323 2910 356 2959 ⁴)
382 2909 506 2950 Clem.
536 2909 651 2949 Alex.
678 2909 803 2950 Protr.
832 2909 886 2960 ΙΙ,
916 2910 987 2949 182
1013 2907 1089 2947 ἔστι
1113 2908 1156 2947 τὸ
1170 2910 1326 2960 σύνθημα
1343 2907 1557 2946 Ἐλευσινίων
1576 2909 1824 2959 ,,Ἔνήστσυσι,

256 2971 353 3013 ὅπου
377 2976 439 3013 τὸν
463 2980 621 3024 man,
647 2973 908 3027 napa-...⁹⁹
935 2974 1001 3015 Cf.
1027 2973 1183 3015 Amob.
1209 2973 1302 3014 adv.
1330 2981 1414 3015 nat.
1442 2974 1494 3024 V,
1523 2974 1595 3014 26:
1623 2972 1824 3023 „ieiunavi

257 3047 381 3093 atque
407 3040 515 3081 ebibi
540 3053 775 3092 cyceonem,
801 3052 853 3080 ει
878 3038 981 3081 cista
1006 3038 1160 3092 sumpti
1186 3039 1291 3080 etc.”

1746 3123 1770 3160 9
