2170 3522
0 1853 23 1919 ⁴034«.

24 1881 37 1909 ³„

976 391 1031 438 13

225 513 466 564 resultera
499 513 562 562 de
595 512 642 562 la
677 515 916 578 presence
951 513 1016 561 de
1043 524 1174 563 cette
1191 513 1414 571 formule‚
1434 525 1485 563 et
1506 530 1623 563 sans
1640 515 1792 563 doute

224 598 289 646 de
330 596 453 645 celle
488 596 535 644 d‘
572 597 709 645 idees
743 596 1014 662 analogues
1049 597 1132 661 qui
1167 596 1596 662 l’accompagnent
1629 614 1710 645 sur
1745 597 1792 646 la

224 680 402 745 plaque
437 679 546 728 d’or
581 679 702 728 dont
735 678 765 727 il
800 679 958 745 s'agit‚
980 717 990 727 .
1013 717 1023 727 .
1045 717 1055 727 .
1095 696 1193 728 une
1228 679 1524 744 probabilite
1563 679 1791 729 nouvelle

223 780 348 828 pour
392 763 466 812 les
511 773 747 827 rapports
792 762 856 811 de
902 762 990 811 fait
1035 773 1086 812 et
1130 763 1420 812 d’intention
1461 779 1559 827 que
1586 763 1672 827 j’ai
1707 780 1791 812 cru

224 846 432 911 pouvoir
465 845 637 894 etablir
678 856 819 894 entre
865 845 937 894 les
982 845 1148 894 rituels
1194 845 1466 895 suneraires
1510 847 1790 911 egypfiens,

223 929 371 978 d'une
405 939 531 994 part,
567 939 618 977 et
651 929 715 978 de
750 929 941 986 l’autre‚
976 929 1049 978 les
1084 929 1291 993 plaques
1325 947 1390 978 ou
1427 929 1618 979 souilles
1665 930 1791 988 d’or,

224 1029 347 1062 avec
380 1012 473 1061 des
507 1012 815 1076 inscriptions
848 1030 1095 1078 grecques
1129 1024 1180 1062 et
1214 1013 1522 1077 etrusques.’‘

287 1096 520 1145 Profecto
559 1095 931 1144 concedendum
955 1107 1034 1144 est
1050 1107 1164 1145 tunc
1182 1097 1421 1161 temporis
1438 1096 1587 1146 talem
1605 1097 1790 1146 coniec-

223 1189 382 1228 turam
427 1179 734 1244 probabilem
781 1178 946 1234 fuisse,
992 1197 1100 1228 cum
1144 1197 1172 1228 e
1206 1190 1314 1228 tota
1347 1179 1526 1228 lamina
1560 1179 1666 1229 sola
1689 1181 1792 1230 duo

224 1263 315 1311 ista
349 1263 504 1311 verba
534 1265 699 1319 ψυχρὸν
729 1262 841 1319 ὕδωρ
873 1275 990 1311 nota
1026 1274 1209 1314 essent.
1245 1263 1439 1311 Eodem
1469 1273 1635 1312 autem
1660 1280 1791 1312 anno

223 1363 324 1411 quo
336 1345 757 1395 Raoul-Rochette
770 1345 896 1394 hanc
913 1346 1245 1395 coniecturam
1265 1347 1537 1411 proposuit,
1558 1346 1618 1395 G.
1634 1346 1791 1395 Franz

225 1430 269 1477 in
306 1429 601 1485 „Bullettino
630 1428 743 1478 dell'
766 1430 990 1477 Instituto
1009 1430 1057 1477 di
1078 1429 1523 1494 Correspondenza
1542 1429 1792 1479 Archaeo-

224 1511 385 1578 logica
403 1530 493 1577 per
510 1513 673 1561 l'anno
697 1512 852 1575 1836”
883 1531 929 1576 p.
959 1518 1166 1574 ¹49l150
1185 1523 1403 1561 nostram
1423 1513 1790 1577 inscriptionem

225 1596 399 1650 edidit;
436 1596 517 1660 qui
552 1613 662 1645 eam
701 1596 874 1644 melius
896 1596 1088 1661 legerat
1110 1606 1161 1644 et
1187 1596 1283 1644 iarn
1310 1596 1693 1661 investigaverat
1714 1597 1789 1645 hic

223 1695 322 1727 non
363 1679 426 1727 de
461 1678 668 1727 Osiridis
702 1679 792 1728 sed
827 1664 905 1728 de·
925 1679 1282 1743 Mnemosynae
1317 1696 1444 1743 aqua
1480 1679 1653 1745 frigida
1689 1680 1785 1745 agi.

223 1763 329 1812 Sed
374 1762 489 1826 quid
534 1763 667 1827 quod
712 1763 899 1828 Voight
943 1763 988 1811 in
1035 1763 1270 1811 Roscheri
1318 1763 1501 1811 Lexico
1547 1781 1585 1811 s.
1622 1781 1666 1811 v.
1707 1763 1791 1811 lsis

222 1863 269 1910 p.
307 1846 400 1908 398
437 1845 562 1894 inter
595 1846 734 1894 Isidis
752 1847 796 1894 in
817 1846 952 1895 Italia
971 1846 1275 1894 meridionali
1296 1845 1452 1894 cultus
1470 1857 1791 1894 monumenta

225 1946 318 1978 nos
351 1928 415 1977 ad
450 1929 592 1977 istam
629 1929 1066 1978 Raoul-Rochettei
1102 1929 1435 1977 coniecturam
1471 1929 1676 1994 relegat.
1722 1930 1792 1977 At

224 2013 270 2061 in
312 2013 526 2061 carmine
562 2012 783 2061 Petelino
820 2012 976 2061 nullus
1017 2012 1174 2061 Osiris
1209 2012 1482 2061 nominatur
1516 2029 1678 2076 neque
1714 2023 1792 2061 est

224 2113 308 2144 cur
347 2107 568 2144 sumatur
603 2096 698 2144 hoc
733 2113 929 2144 carmen
967 2096 1145 2144 cultum
1184 2095 1548 2161 Aegyptiacum
1585 2096 1788 2145 referre.

290 2178 465 2244 Longe
502 2190 665 2228 autem
702 2179 841 2228 aliter
876 2180 943 2227 M.
966 2180 1015 2228 P.
1038 2179 1076 2227 F
1080 2190 1252 2228 oucart
1282 2180 1460 2228 iudicat
1483 2180 1564 2244 qui
1589 2197 1789 2228 carmen

225 2261 495 2327 Orphicum
560 2263 679 2311 ritus
741 2274 792 2311 et
854 2274 1123 2327 praecepta
1185 2263 1476 2327 sepulcralia
1537 2263 1792 2311 continens

224 2347 473 2410 quondam
510 2347 752 2395 exstitisse
787 2346 981 2403 conicit3
1007 2347 1081 2395 cui
1100 2358 1259 2394 utrum
1280 2349 1531 2405 Κατάβασις
1554 2349 1612 2397 οἷς
1628 2346 1790 2390 Ἃιδου

225 2429 388 2478 titulus
433 2429 574 2479 fuerit
619 2447 775 2478 necne
818 2429 863 2477 in
902 2430 1090 2478 incerto
1125 2430 1363 2495 relinquit,
1399 2432 1489 2479 sed
1524 2448 1616 2495 pro
1652 2442 1791 2480 certo

225 2511 434 2561 affirmat
450 2530 512 2562 ex
531 2514 627 2562 isto
646 2530 799 2577 opere
819 2530 990 2561 versus
1008 2513 1201 2561 laminis
1219 2514 1478 2577 inscriptos
1497 2515 1790 2579 desumptos

226 2611 351 2644 esse.
374 2594 463 2644 His
482 2597 629 2661 igitur
647 2597 692 2645 in
711 2596 902 2645 laminis
920 2596 1016 2662 legi
1035 2597 1148 2644 dicit
1171 2598 1202 2659 ¹)
1233 2614 1330 2653 „un
1355 2597 1495 2646 rituel
1525 2609 1792 2646 contenant

226 2678 317 2727 des
351 2679 658 2728 instructions
692 2679 968 2745 analogues
1002 2681 1031 2728 a
1066 2680 1213 2728 celles
1248 2681 1312 2727 du
1351 2680 1494 2729 Livre
1520 2681 1611 2729 des
1634 2681 1792 2729 Morts

226 2772 277 2810 et
326 2778 419 2810 aux
471 2762 765 2811 revelations
815 2762 1128 2822 d'Eleusis’‘⁹)
1179 2775 1230 2811 et
1284 2764 1361 2821 „la
1413 2764 1555 2828 copie
1607 2781 1670 2812 ou
1718 2764 1792 2813 les

295 2905 327 2954 1)
354 2906 413 2946 M.
435 2906 474 2944 P.
505 2906 536 2945 F
539 2915 690 2955 oucart,
709 2906 959 2946 Recherches
973 2919 1039 2946 sur
1054 2906 1235 2958 l'origine
1249 2915 1287 2946 et
1304 2908 1340 2945 la
1357 2915 1499 2947 nature
1513 2908 1583 2947 des
1599 2909 1792 2958 mysteres

225 2963 433 3019 d’Eleusis,
463 2985 501 3022 p.
531 2972 596 3019 67.

294 3035 328 3085 ⁹)
355 3036 413 3076 M.
443 3036 484 3075 Ρ.
513 3037 698 3084 Foueart,
727 3037 778 3076 1.l.
808 3050 846 3087 p.
879 3049 925 3085 72
956 3047 995 3076 et
1026 3037 1088 3076 68.
