2176 3450
1105 337 1165 383 24

354 461 508 526 magis
564 476 712 524 quam
770 459 947 507 librarii
1000 459 1230 507 mendum
1283 475 1394 506 esse
1447 458 1769 522 suspicarer.”
1821 459 1914 508 Hic

354 544 417 592 de
452 543 630 591 librarii
666 542 847 590 mendo
882 559 978 590 non
1014 541 1095 606 agi
1131 541 1444 605 perspicuum
1480 551 1571 598 est,
1608 543 1742 606 quod
1776 541 1913 591 locus

355 626 560 674 Diodori
601 642 752 688 supra
803 624 977 672 allatus
1027 625 1352 681 demonstrat,
1405 641 1617 688 quocum
1670 625 1915 674 consentit

355 709 598 756 Ammiani
634 707 900 755 Marcellini
936 707 1070 755 locus
1107 707 1161 755 L.
1200 706 1311 764 XV,
1348 706 1404 754 C.
1425 723 1470 767 9.
1506 709 1536 770 ἓ
1565 724 1600 765 1,
1627 708 1709 756 ubi
1735 707 1915 773 legitur

355 792 562 848 „ceteris
613 791 844 854 drysidae
865 792 898 853 1>
950 790 1158 854 ingeniis
1220 789 1467 847 celsiores,
1534 801 1586 838 ut
1647 791 1916 840 auctoritas

353 874 665 938 Pythagorae
699 873 927 931 decrevit,
954 873 1198 920 sodaliciis
1216 873 1432 920 adstricti
1450 873 1721 931 consortiis,
1742 890 1914 938 quaes-

352 957 563 1004 tionibus
609 956 906 1004 occultarum
954 972 1116 1003 rerum
1164 956 1470 1020 altarumque
1517 956 1667 1004 erecti
1702 967 1828 1015 sunt,
1864 966 1915 1005 et

352 1040 700 1103 despectantes
729 1039 941 1086 humana
970 1039 1340 1102 pronuntiarunt
1357 1039 1546 1087 animas
1563 1039 1912 1088 immortales.'’

419 1122 568 1170 Adde
604 1122 738 1180 quod
772 1121 1042 1169 Zalmoxim
1079 1122 1227 1170 etiam
1266 1122 1556 1191 Aegyptum
1591 1123 1771 1171 adiisse
1790 1123 1915 1172 dice-

353 1206 496 1264 bant3
534 1206 600 1253 sic
635 1205 904 1253 secundum
941 1204 1238 1252 Strabonem
1274 1205 1379 1266 (VII
1417 1206 1462 1268 3)
1500 1204 1668 1259 λέγει-αἰ
1698 1223 1798 1250 ma
1827 1209 1915 1251 τῶν

352 1292 521 1336 Γετῶν.
567 1291 700 1343 ὄνομα
747 1287 976 1342 Ζάλμοξιν,
1023 1288 1243 1331 δουλεῦσαι
1287 1294 1532 1345 Πυθαγόρᾳ
1573 1291 1646 1334 καί
1687 1308 1787 1335 τινα
1829 1294 1916 1335 τῶν

351 1374 559 1427 οὐρανίων
605 1373 705 1427 παρ’
753 1373 916 1416 ἐκείνου
958 1376 1130 1428 μαθεῖν,
1179 1376 1232 1416 τὰ
1279 1373 1323 1416 δὲ
1372 1376 1443 1416 καὶ
1491 1376 1589 1429 παρ’
1646 1376 1914 1428 Αἶγυπτίων,

352 1455 636 1513 πλανηθέντα
666 1459 738 1499 καὶ
768 1456 887 1513 μέχρι
920 1456 1051 1512 δεῦρο.

419 1539 654 1588 Videmus
690 1540 836 1604 igitur
870 1540 1113 1589 Zalmoxis
1149 1558 1330 1589 nomen
1351 1541 1396 1589 in
1418 1541 1683 1598 hominem,
1703 1558 1916 1605 eumque

353 1623 664 1688 Pythagorae
699 1623 1004 1687 discipulum,
1040 1625 1200 1671 varias
1219 1634 1377 1672 terras
1395 1623 1693 1686 (Thraciam,
1715 1624 1915 1689 Aegyp-

353 1717 471 1768 tum,
508 1705 736 1769 Galliam)
771 1717 1111 1771 pervagatum,
1148 1707 1373 1755 tralatum
1410 1724 1540 1764 esse3
1563 1708 1653 1755 sed
1672 1707 1917 1756 Zalmoxis

353 1789 469 1837 olim
503 1789 583 1837 dei
617 1791 838 1845 κεραυνίου
869 1807 1048 1838 nomen
1084 1790 1315 1838 Geticum
1352 1790 1500 1839 fuisse
1534 1800 1613 1838 sat
1647 1801 1839 1838 constat
1863 1792 1912 1850 ³).

354 1872 507 1934 Quod
540 1873 706 1937 utique
741 1874 1009 1922 tenendum
1045 1884 1135 1929 est,
1173 1874 1364 1922 etiamsi
1400 1874 1726 1922 demonstrari
1759 1876 1916 1937 possit

353 1955 667 2021 Pythagorae
703 1974 765 2005 ex
799 1956 999 2005 asseclis
1034 1957 1114 2004 uni
1148 1957 1365 2005 Zalmoxi
1400 1973 1579 2004 nomen
1616 1956 1776 2005 fuisse.

926 2190 956 2252 ἓ
990 2203 1036 2248 4.
1078 2189 1341 2236 Conclusio.

421 2353 576 2402 Getas
620 2354 906 2411 Zalmoxim,
953 2355 1028 2402 cui
1072 2355 1395 2402 barbarorum
1436 2355 1481 2402 in
1518 2354 1717 2401 modum
1755 2354 1916 2403 hostia

354 2436 567 2484 humana
613 2437 844 2495 facerent,
892 2448 1145 2502 tamquam
1191 2454 1330 2485 suum
1382 2437 1640 2501 Orpheum
1690 2437 1916 2495 coluisse,

355 2520 523 2567 Maass
568 2520 772 2567 credere
820 2537 910 2568 nos
956 2521 1113 2578 iubet3
1161 2521 1295 2584 quod
1341 2520 1455 2567 mihi
1491 2535 1587 2568 non
1623 2520 1726 2567 veri
1761 2519 1916 2568 simile

355 2618 468 2650 esse
503 2602 710 2650 videtur.
746 2602 895 2664 Quod
940 2604 979 2651 si
1026 2620 1221 2651 sumere
1268 2604 1424 2651 mavis
1467 2603 1738 2651 Zalmoxim
1784 2603 1917 2667 apud

355 2685 514 2733 Getas
558 2686 771 2734 eundem
818 2686 979 2734 locum
1023 2698 1172 2750 atque
1219 2686 1479 2750 Orpheum
1526 2686 1659 2750 apud
1694 2686 1917 2734 Graecos

425 2848 452 2895 1)
482 2849 542 2886 De
571 2847 731 2886 Druidis
758 2849 809 2887 cf.
838 2849 996 2892 Caesar.
1026 2849 1076 2886 de
1103 2848 1211 2886 Bello
1239 2847 1392 2886 Gallico
1420 2848 1489 2890 VI.
1524 2860 1583 2896 14,
1613 2858 1650 2897 5.

423 2912 451 2958 2)
479 2913 543 2952 Cf.
565 2912 707 2952 Suidas
727 2912 910 2963 Ζαλμόξις·
943 2911 1050 2962 ὄνομα
1069 2916 1165 2954 θεᾶς·
1198 2913 1319 2962 vulgo
1343 2913 1580 2951 emendatur
1599 2915 1684 2949 ,θεοῦ
1699 2911 1766 2962 (G.
1781 2911 1916 2960 Seme,

354 2978 456 3017 Rev,
485 2978 525 3017 d.
553 2979 617 3017 Et.
645 2978 714 3017 Gr.
749 2990 862 3028 1913,
891 2992 930 3028 p.
957 2991 1045 3029 259,
1075 2977 1287 3017 lectionem
1315 2977 1502 3016 traditam
1531 2977 1742 3025 defendit).
