2176 3450
988 409 1043 458 ¹7

441 536 496 584 Β.
531 535 610 584 De
641 534 821 583 ritibus
852 533 1202 598 sepulcralz'bus
1235 532 1567 598 Pythagoreis.

295 631 395 680 lam
450 631 515 680 ad
560 629 767 679 alteram
819 627 1121 694 quaestionis
1170 638 1363 691 partem
1415 627 1692 684 transimus,
1743 636 1796 675 ut

229 715 594 763 demonstretur
606 713 855 761 literarum
869 709 1213 776 sepulcralium
1228 727 1415 759 morem
1426 709 1796 775 Pythagoreum

230 797 394 862 potius
429 813 576 862 quam
613 795 886 860 Orphicum
922 794 1088 843 fuisse.

296 880 491 928 Nullum
526 879 748 928 indicium
785 889 862 927 est
896 895 959 927 ex
995 895 1093 942 quo
1129 877 1352 926 concludi
1371 877 1527 941 possit
1545 876 1796 941 Orphicos

229 964 497 1028 antiquitus
541 964 662 1013 ὁσίως
707 961 928 1025 sepultos
973 978 1109 1017 esse;
1155 961 1247 1009 tria
1291 972 1456 1009 autem
1491 961 1555 1009 de
1590 961 1797 1009 mortuis

229 1046 527 1111 sepeliendis
573 1045 799 1109 symbola
845 1044 1159 1109 Pythagorea
1199 1043 1491 1092 lamblichus
1512 1046 1544 1108 ¹)
1582 1043 1795 1101 tradidit,

230 1130 312 1194 qui
356 1129 539 1178 rettulit
582 1129 914 1193 Pythagoram
966 1127 1179 1175 vetuisse
1230 1137 1535 1175 mortuorum
1586 1143 1798 1191 corpora

231 1213 469 1271 comburi,
505 1213 702 1261 iussisse
728 1222 952 1260 mortuos
977 1210 1101 1258 albis
1125 1211 1343 1259 vestibus
1366 1210 1565 1258 indutos
1583 1210 1796 1274 sepeliri,

229 1296 441 1345 edixisse
475 1296 602 1344 arcis
637 1312 665 1343 e
701 1310 937 1358 cypresso
982 1293 1121 1341 factis
1166 1293 1510 1342 abstinendum
1557 1310 1698 1352 esse,
1747 1302 1798 1342 et

229 1379 516 1427 Plutarchus
551 1378 809 1437 narravit2)
839 1377 986 1426 fuisse
1017 1394 1056 1419 τι
1076 1379 1303 1431 γενόμενον
1325 1377 1413 1431 ι’δίᾳ
1433 1379 1526 1431 περὶ
1553 1379 1628 1426 τὰς
1655 1379 1795 1431 ταφὰς

230 1467 316 1506 τῶν
347 1466 668 1517 Πυθαγορικῶν
699 1465 815 1505 ὅσιον
847 1451 898 1504 οὖ
924 1464 979 1515 μὴ
1013 1465 1211 1518 τυχόντες
1241 1461 1290 1504 οὐ
1323 1460 1524 1514 δοκοῦμεν
1552 1461 1727 1518 ἀπέχειν
1751 1463 1798 1504 τὸ

228 1548 487 1602 μακαριστὸν
523 1548 595 1589 καὶ
632 1548 786 1589 οἰκεῖον
819 1545 951 1595 τέλος.
994 1545 1308 1609 Quamquam
1362 1544 1648 1594 Plutarchus
1698 1562 1797 1594 non

230 1630 413 1679 rettulit
447 1646 574 1695 quae
610 1629 741 1678 sacta
776 1629 1262 1694 sintaPythagoreis
1281 1630 1500 1693 quidelm:
1517 1628 1797 1685 κεκηδεῦσθαι

226 1718 278 1763 ἱτὸ
317 1714 501 1764 Λύσιδος
541 1718 659 1768 σῶμα
699 1712 971 1770 voluerunt,
1021 1712 1260 1760 Harrison
1308 1712 1516 1761 coniecit
1537 1716 1570 1773 ⁸)
1618 1714 1662 1761 in
1711 1714 1797 1770 eis,

230 1805 359 1865 quae
393 1808 534 1846 erant
566 1797 799 1854 facienda,
836 1796 984 1845 etiarn
1019 1795 1186 1844 literas
1209 1795 1511 1860 sepulcrales
1530 1796 1798 1845 tradendas

232 1880 393 1931 fuisse.
415 1881 558 1944 Quae
583 1897 674 1929 nos
698 1879 888 1946 relegat
906 1879 971 1928 ad
987 1879 1206 1928 Platonis
1223 1879 1384 1927 locum
1394 1882 1444 1943 ⁴),
1463 1879 1546 1928 ubi
1565 1879 1799 1929 Socrates

230 1949 349 2013 dicit
378 1964 549 2013 mortis
577 1964 670 2012 iter
688 1981 784 2012 non
804 1980 918 2012 esse
936 1971 993 2020 ὥς
1008 1971 1032 2012 ό
1046 1968 1268 2026 Achnai-ov
1288 1968 1478 2024 Τήλεφος
1498 1968 1622 2023 λέγει·
1642 1972 1800 2021 ἐκεῖνος

229 2051 308 2104 μὲν
325 2050 404 2103 γὰρ
418 2046 561 2102 ἁπλῆν
578 2044 696 2103 ohad»
713 2062 839 2104 φησιν
857 2050 913 2098 εἷς
928 2047 1096 2091 ‘'Aadov
1111 2047 1268 2103 φέρειν,
1284 2052 1309 2102 ἠ
1326 2047 1366 2090 δ’
1386 2049 1481 2091 οὔτε
1502 2049 1581 2103 μία
1601 2049 1800 2102 φαίνεται

230 2143 301 2182 μοι
333 2123 456 2171 εἶναι·
489 2126 586 2169 οὐδὲ
617 2128 696 2181 γὰρ
713 2128 771 2170 ἂν
790 2129 1006 2181 ἡγεμόνων
1027 2126 1127 2169 ἔδει·
1145 2127 1191 2169 οὐ
1214 2128 1294 2181 γὰρ
1313 2129 1399 2170 πού
1414 2143 1477 2176 τις
1494 2130 1551 2170 ἂν
1577 2125 1800 2183 διαμάρτοι

234 2204 438 2260 οὐδαμόσε
461 2210 562 2260 μιᾶς
591 2204 690 2248 ὀδοῦ
722 2206 856 2261 οὔσης’
889 2210 966 2248 νῦν
999 2204 1045 2248 δὲ
1078 2205 1185 2247 ἔοικε
1218 2205 1371 2261 σχίσεις
1401 2221 1445 2248 τε
1478 2207 1550 2248 καὶ
1581 2205 1801 2261 περιόδους

233 2281 397 2333 πολλὰς
443 2283 570 2340 ἔχειν·
617 2283 702 2326 ἀπὸ
747 2287 833 2327 τῶν
880 2284 1007 2327 ὁσίων
1057 2299 1098 2326 τε
1150 2285 1222 2326 καὶ
1273 2284 1457 2339 νομίμων
1507 2286 1593 2328 τῶν
1644 2284 1800 2328 ἐνθάδε

234 2366 555 2417 τεκμαιρόμενος
587 2360 708 2415 λέγω.

303 2470 333 2521 ¹)
359 2470 613 2518 lamblichus,
641 2470 693 2509 V.
721 2469 764 2509 P.
797 2480 884 2520 154,
920 2479 1008 2520 155,
1044 2471 1082 2507 cl
1131 2469 1297 2519 Boehm,
1335 2469 1387 2508 de
1422 2469 1620 2520 Symbolis
1656 2469 1802 2521 Pytha-

232 2534 363 2587 goreis
391 2548 430 2587 p.
461 2548 512 2586 30
539 2547 623 2586 seq.

302 2600 335 2652 ςἱ)
361 2600 608 2649 Plutarchus,
635 2599 687 2639 de
715 2599 848 2640 Genio
875 2598 1060 2648 Socratis,
1088 2599 1198 2639 XVI.

301 2666 334 2716 ⁸)
364 2665 569 2713 Hatrison,
597 2665 887 2716 Prolegomena
914 2678 952 2716 p.
985 2676 1061 2717 599
1089 2672 1129 2704 et
1157 2677 1197 2716 p.
1227 2665 1305 2703 600
1334 2665 1480 2714 „What
1507 2664 1699 2717 precisely
1733 2665 1803 2705 the

234 2730 327 2780 ὅσαι,
355 2731 422 2771 the
450 2738 655 2771 sacrosant
682 2730 788 2780 rites,
816 2743 918 2770 were
946 2743 1005 2770 we
1032 2738 1183 2770 cannot
1211 2729 1252 2769 in
1281 2730 1403 2770 detail
1430 2742 1514 2782 say,
1536 2730 1611 2771 but
1627 2743 1687 2770 we
1707 2743 1799 2782 may

234 2796 288 2836 be
321 2796 511 2836 tolerable
545 2808 636 2836 sure
671 2795 758 2836 that
793 2795 1022 2847 something
1057 2794 1206 2847 special
1241 2808 1320 2835 was
1356 2795 1464 2835 done
1499 2796 1559 2835 for
1597 2796 1666 2836 the
1706 2808 1800 2835 man

236 2861 324 2902 who
359 2861 439 2900 had
472 2861 575 2901 been
612 2861 746 2913 finally
781 2860 977 2911 initiatect
1014 2861 1103 2901 who
1138 2873 1218 2901 was
1253 2860 1332 2900 like
1367 2861 1436 2901 the
1477 2861 1627 2901 Cretan
1658 2861 1802 2912 mystic

236 2926 407 2976 beateae,
429 2926 704 2967 consecrated.
732 2926 831 2967 This
858 2926 1087 2978 something
1117 2939 1208 2978 may
1238 2926 1340 2966 have
1366 2925 1559 2966 included
1586 2927 1655 2966 the
1675 2926 1803 2965 burial

237 2990 331 3032 with
358 2991 418 3032 his
444 2991 553 3044 body
581 2992 627 3030 of
649 2991 793 3032 tablets
821 2991 914 3032 with
927 2998 1140 3031 sentences
1159 2993 1261 3032 from
1276 2991 1336 3032 his
1356 2992 1479 3032 ‘Book
1495 2992 1541 3031 os
1551 2993 1619 3032 the
1632 2991 1801 3031 Dead⁴.”

303 3057 337 3109 ⁴)
363 3057 488 3107 Plato,
516 3057 691 3104 Phaedo,
723 3057 812 3097 108.
