2176 3450
0 907 15 918 δ’
2 830 22 855 't
2 796 22 816 ..¹
0 534 21 788 §Q1W‘NQV5'Q‘
0 427 21 520 ems-12⁴3*
0 412 18 418 ζ
0 382 7 400 )’”

0 2158 8 2658 wv*-›—<-——-W—-—-—‹
0 2118 2 2133 ν
0 2078 1 2100 ᾼᾼ
0 2032 1 2038 ⁴
0 1998 1 2002 Α

944 378 1031 428 115

208 505 366 570 „rapti
399 522 431 553 a
464 503 584 553 diis”
620 503 734 552 dicti
770 513 897 552 sunt.
921 505 954 567 1)
990 501 1096 550 Sed
1142 501 1273 550 unde
1319 501 1375 550 iis
1422 501 1516 549 hoc
1562 502 1773 550 nomen?

272 589 438 653 Mysta
461 587 543 652 qui
572 586 620 635 in
650 586 800 635 literis
830 584 1183 651 sepulcralibus
1211 584 1306 633 hoc
1334 584 1567 648 scriptum
1600 583 1771 633 voluit:

360 675 472 719 ἀλλὰ
499 693 550 731 με
580 677 713 731 Μοῖρ’
746 676 948 731 ἐδάμασσε
981 677 1052 718 καὶ
1083 673 1370 733 ἀστεροβλῆτα
1401 677 1619 729 κεραυνῶν

206 776 381 832 aperte
411 765 745 831 pronuntiavit
773 782 827 814 se
854 782 885 814 a
912 764 1073 813 Moira
1103 773 1155 813 et
1181 763 1305 827 Jove
1333 763 1550 829 Fulgure
1578 773 1774 828 raptum

206 866 333 899 esse.
369 849 550 898 Nonne
575 859 786 913 apparet
808 848 1030 897 Bacchos
1056 856 1262 912 „raptos
1284 863 1315 896 a
1342 847 1464 895 diis'’
1491 846 1697 896 eosdem
1716 863 1776 895 ac

207 942 395 998 mystas
430 942 634 996 „raptos
668 948 698 980 a
731 931 895 980 Moira
929 942 980 979 et
1007 931 1131 994 Jove
1164 929 1412 995 Fulgure”
1448 930 1590 979 esse?
1630 930 1775 979 Hanc

207 1016 483 1081 raptionem
526 1015 604 1063 vel
652 1024 863 1063 mortem
910 1014 1167 1079 mysticam
1212 1013 1355 1062 nobis
1400 1014 1466 1062 ita
1511 1013 1775 1062 informare

206 1115 484 1164 possumus,
507 1109 560 1147 ut
578 1098 828 1163 fingamus
846 1097 1108 1146 initiandos
1126 1096 1259 1145 velut
1274 1097 1502 1145 victimas
1520 1096 1776 1146 machinae

207 1182 417 1248 illigatos
441 1181 783 1230 sacerdotibus
807 1181 1014 1229 traditos
1034 1197 1162 1237 esse,
1184 1180 1474 1229 sacerdotes
1493 1179 1774 1238 „victimas”

208 1266 473 1315 deduxisse
504 1265 551 1314 in
590 1281 794 1329 specum
824 1263 1046 1312 abditum
1074 1263 1154 1312 vel
1182 1263 1417 1312 telesterii
1445 1273 1638 1328 partem
1667 1264 1776 1313 sub-

208 1359 509 1408 terraneam3
545 1358 598 1396 ut
630 1347 794 1396 lumen
829 1347 925 1396 diei
960 1346 1192 1395 occiderit
1226 1356 1278 1395 et
1306 1347 1546 1395 tenebrae
1576 1357 1778 1396 secutae

209 1432 319 1490 sint,
361 1431 576 1496 undique
617 1441 853 1495 tympana
893 1440 944 1479 et
989 1430 1215 1494 cymbala
1260 1430 1666 1479 circumsonuisse
1712 1429 1778 1480 ad

209 1515 361 1564 instar
376 1515 643 1563 tonitruum
663 1513 1016 1578 fulminumque
1036 1512 1260 1579 fragoris.
1277 1513 1402 1561 Cum
1415 1513 1539 1562 haec
1553 1513 1779 1563 accidant

209 1608 262 1647 et
283 1598 524 1647 tenebrae
553 1597 859 1654 oboriantur,
888 1613 988 1662 quo
1017 1596 1184 1645 animo
1214 1606 1425 1661 mystam
1454 1613 1567 1645 esse
1596 1596 1779 1645 credis?

209 1682 388 1730 Nonne
417 1681 587 1729 mortis
616 1680 880 1745 praesagia
906 1679 1123 1744 undique
1158 1696 1274 1728 eum
1309 1680 1511 1745 agitant,
1548 1690 1775 1745 urguent,

209 1774 455 1830 premunt,
490 1764 703 1828 denique
737 1762 1047 1827 opprimunt?
1080 1762 1265 1811 Verum
1301 1763 1433 1812 enim
1468 1781 1605 1822 vero,
1636 1763 1778 1813 facile

206 1849 348 1899 nobis
396 1847 594 1913 fingere
647 1863 910 1911 possumus
966 1862 1082 1895 eum
1131 1846 1352 1896 deficere
1398 1857 1450 1896 et
1499 1847 1769 1896 intermori.

211 1931 380 1981 Livius
437 1941 607 1981 auctor
657 1941 735 1980 est
786 1941 990 1996 „raptos
1039 1947 1070 1980 a
1122 1931 1245 1979 diis·‘
1298 1931 1451 1979 fuisse
1471 1931 1506 1994 ¹)
1559 1931 1777 1997 „vigiliis‚

278 2046 309 2095 ¹)
338 2045 505 2098 Hispala
531 2045 642 2097 apud
669 2044 828 2084 Livium
855 2046 879 2084 1.
902 2045 925 2084 1.
954 2058 991 2085 c.
1024 2057 1070 2096 13
1099 2049 1119 2093 ς
1152 2058 1197 2095 ¹³
1227 2052 1386 2085 narrat:
1425 2046 1606 2096 „Raptos
1642 2058 1667 2084 a
1702 2045 1779 2086 diis

210 2110 393 2151 homines
411 2110 505 2160 dici,
527 2123 632 2162 quos
654 2110 865 2150 machinae
886 2109 1057 2162 illigatos
1079 2123 1129 2149 ex
1150 2118 1374 2159 conspectu
1397 2110 1439 2150 in
1462 2110 1620 2151 abditos
1635 2124 1780 2163 specus

209 2176 430 2229 abripiant;
446 2189 515 2216 eos
530 2189 616 2216 esse
635 2175 733 2228 qui”
755 2183 833 2216 etc.
861 2176 1095 2216 Secundum
1117 2175 1324 2216 Rohdium
1347 2176 1517 2229 (Psyche
1541 2177 1580 2215 11
1605 2190 1647 2229 p.
1669 2177 1781 2230 374⁸)

210 2241 358 2283 Bacchi
371 2241 583 2282 machinae
595 2241 734 2293 illigati
748 2250 788 2281 et
801 2241 843 2280 in
859 2241 1016 2281 abditos
1025 2254 1170 2293 specus
1179 2241 1334 2293 abrepti
1348 2249 1443 2282 sunt
1451 2241 1504 2281 ad
1513 2241 1780 2282 imitationem

209 2306 443 2359 Amphiarai
480 2306 815 2359 Throphoniique
854 2308 1047 2358 όφανισμοῦ
1073 2315 1114 2347 et
1139 2308 1431 2350 άπαθανατίσιως.
1460 2309 1523 2347 De
1542 2309 1653 2359 Jong
1680 2308 1782 2357 (Das

211 2373 348 2414 antike
382 2372 736 2425 Mysterienwesen
778 2385 819 2424 p.
851 2374 923 2423 167
951 2381 991 2412 et
1020 2379 1114 2423 274)
1142 2372 1331 2424 opinatur
1358 2374 1538 2413 Bacchos
1564 2372 1783 2414 credidisse

212 2446 444 2490 „raptorum
486 2450 511 2477 a
550 2437 652 2478 diis”
691 2450 861 2490 corpora
900 2437 943 2477 in
980 2438 1139 2478 coelum
1180 2439 1284 2478 elata
1319 2451 1419 2478 esse.
1455 2440 1601 2490 Neque
1637 2438 1783 2479 Rohde

214 2516 348 2556 neque
389 2504 451 2543 De
478 2505 585 2555 Jong
618 2502 990 2555 interpretationem
1030 2516 1145 2543 suam
1187 2504 1436 2556 argumentis
1477 2503 1681 2555 probavit;
1718 2504 1783 2544 hic

214 2581 348 2621 neque
396 2569 448 2609 de
498 2568 600 2608 miro
646 2568 759 2621 quod
811 2568 958 2608 dicitur
997 2569 1505 2621 „Entrnckungswunder”
1557 2582 1691 2621 neque
1730 2570 1783 2610 de

214 2634 408 2674 miraculo
446 2633 558 2686 quod
598 2633 770 2674 dicimus
811 2633 1030 2682 „elevatie”
1065 2633 1217 2685 agitur:
1261 2642 1399 2686 raptus
1426 2634 1574 2675 dicitur
1600 2635 1633 2675 is
1659 2647 1783 2687 quem

214 2699 430 2752 improvisa
456 2699 524 2739 leti
552 2699 610 2739 vis
636 2699 784 2751 rapuit.

281 2765 315 2817 ²)
343 2764 478 2805 Livius
494 2765 519 2805 l.
529 2766 554 2805 l.
563 2778 599 2805 c.
615 2778 629 2804 ι
638 2776 658 2816 5
671 2769 691 2813 5
701 2778 724 2815 9
735 2779 746 2814 ;
756 2764 981 2804 secundum
991 2765 1199 2805 consulem
1210 2764 1477 2814 (Postumium
1487 2767 1523 2815 Ρ)
1532 2764 1648 2806 cuius
1656 2765 1784 2807 oratio

218 2829 363 2882 legitur
388 2843 479 2883 cap.
511 2841 556 2882 ¹5
581 2837 622 2870 et
648 2831 695 2869 16
710 2829 911 2882 „primum
928 2860 937 2870 .
954 2860 964 2870 .
982 2859 991 2869 .
1005 2830 1218 2870 mulierum
1234 2842 1384 2882 magna
1397 2843 1490 2882 pars
1506 2838 1579 2882 est,
1593 2838 1634 2871 et
1646 2830 1680 2871 is
1695 2832 1784 2872 fons

216 2895 309 2935 mali
335 2895 503 2935 huiusce
530 2895 617 2945 fuit,
644 2895 793 2935 deinde
819 2894 1006 2935 simillimi
1028 2894 1187 2935 feminis
1210 2907 1352 2943 mares,
1376 2896 1547 2948 stuprati
1565 2903 1605 2936 et
1619 2904 1785 2937 constu-

218 2967 408 3012 pratores,
436 2960 613 3007 fanatici,
639 2960 794 3012 vigiliis,
821 2959 929 3010 vino,
958 2961 1192 3012 strepitibus
1223 2961 1548 3014 clamoribusque
1576 2961 1785 3002 nocturnis

218 3025 417 3066 attoniti”.
