2176 3450
1018 375 1077 436 85

326 514 548 562 Vidimus
587 514 634 562 in
674 512 855 561 lamina
894 511 1061 560 literas
1093 517 1163 558 A?
1195 517 1276 558 ΟΝ
1305 508 1417 557 loco
1450 506 1830 572 praepositionis

260 614 308 662 q.
328 614 372 646 e.
403 594 480 645 σύν
514 595 720 660 scriptas
748 611 862 645 esse
891 604 943 643 et
972 593 1412 643 demonstrandum
1440 600 1518 640 est
1545 590 1677 639 unde
1706 590 1830 638 istae

258 680 429 729 literae
464 690 606 728 ortae
640 679 750 727 sint.
786 678 950 743 Supra
990 677 1085 726 iam
1127 675 1360 725 adnotavi
1400 691 1463 723 ex
1502 673 1579 722 his
1619 673 1828 722 alteram

259 763 401 812 alteri
419 762 673 827 interpreti
692 761 1072 826 (Comparettio)
1102 769 1149 819 Y,
1169 758 1307 808 alteri
1340 766 1507 806 Tesse
1525 757 1694 805 videri.
1725 756 1830 804 Sed

257 846 360 895 veri
394 846 593 895 similius
627 856 703 894 est
736 845 865 894 hanc
899 860 1064 908 neque
1107 851 1144 890 Y
1174 858 1340 907 neque
1382 850 1432 899 Τ,
1469 840 1560 889 sed
1595 848 1622 887 I
1642 855 1770 888 esse.
1795 841 1828 902 ¹)

257 929 359 978 Iam
393 945 515 979 vero
550 928 735 977 clarum
771 927 831 976 fit
864 937 1095 992 quattuor
1125 925 1291 975 literas
1318 931 1488 982 AION‚
1517 923 1706 988 positas
1734 922 1827 971 sub

256 1029 381 1062 voce
406 1018 687 1071 ΔΙΚΑΙΩΝ,
700 1011 954 1078 dissograf
956 1012 1032 1060 iae
1045 1010 1234 1059 deberi.
1249 1010 1476 1074 Apparet
1493 1017 1662 1056 autem
1673 1015 1747 1056 AI
1750 1012 1832 1054 ΟΝ

255 1096 489 1160 scriptum
535 1112 647 1144 esse
692 1112 784 1160 pro
828 1101 1008 1153 .›1[52N;
1054 1094 1124 1142 sic
1176 1093 1403 1142 carminis
1453 1090 1643 1156 mystici
1693 1106 1740 1139 v.
1791 1103 1825 1148 4

260 1185 594 1227 KEPAYNON
626 1195 718 1243 pro
756 1183 1096 1227 ΚΕΡΛΥΝΩΝ
1119 1177 1351 1241 scriptum
1386 1191 1500 1223 esse
1535 1173 1660 1222 infra
1693 1172 1825 1221 vide-

255 1261 417 1310 bimus
430 1263 479 1322 ¹).
527 1262 665 1327 Ergo
707 1262 754 1310 in
788 1271 965 1326 aperto
1000 1270 1077 1309 est
1110 1277 1211 1324 quo
1252 1259 1404 1307 modo
1443 1257 1624 1307 factum
1667 1256 1729 1305 sit
1773 1265 1826 1303 ut

255 1345 558 1409 praepositio
594 1343 672 1394 σύν
709 1345 973 1394 excideret.

469 1517 522 1565 B.
558 1517 636 1566 De
667 1517 941 1566 hominibus
972 1518 1064 1581 qui
1090 1517 1146 1565 de
1178 1515 1297 1564 coelo
1331 1514 1451 1563 tacti
1478 1518 1605 1563 sunt.

320 1634 644 1693 Sententiam,
686 1652 816 1701 quae
856 1645 1027 1684 nostro
1062 1651 1208 1684 versu
1242 1633 1434 1699 legitur,
1471 1631 1739 1696 explanare
1774 1640 1825 1679 et

255 1718 464 1768 desinire
497 1718 735 1768 volumus.

320 1801 489 1851 Verba
537 1803 676 1866 Μοῖρ’
722 1800 944 1861 ἐδάμασσε
986 1819 1170 1868 graece
1215 1800 1331 1850 nihil
1377 1800 1464 1849 nisi
1511 1799 1722 1858 „Fatum
1758 1797 1824 1846 in·

254 1885 481 1934 teremit”
540 1885 844 1950 significant3
904 1903 1032 1950 quae
1095 1885 1328 1950 loquendi
1390 1883 1516 1933 ratio
1579 1881 1695 1930 inde
1758 1880 1823 1930 ab

255 1968 463 2017 Homeri
508 1978 675 2018 aetate
720 1968 949 2033 Orphicis
995 1986 1193 2034 quoque
1234 1969 1283 2017 in
1322 1968 1472 2016 literis
1514 1983 1611 2015 non
1654 1966 1823 2031 ignota

253 2061 381 2109 erat3
417 2051 488 2100 sic
523 2052 646 2118 Arg.
682 2051 840 2117 Orph.
861 2070 908 2103 ν.
935 2068 1022 2115 143
1051 2053 1233 2119 legitur
1261 2052 1326 2101 de
1356 2051 1553 2100 Cantho
1582 2049 1821 2115 quodam:

253 2189 418 2229 quoque
444 2178 573 2217 forma
601 2185 661 2218 est
689 2178 896 2231 Ἀστιρὸπης
926 2177 1053 2233 [(vide
1088 2180 1254 2219 Pherek.
1290 2178 1402 2230 apud
1437 2178 1561 2217 schol.
1594 2177 1647 2216 ad
1684 2174 1821 2227 Eurip.

253 2242 343 2282 Alc.
380 2255 419 2283 v·
459 2254 477 2282 1
517 2250 557 2283 et
592 2244 770 2295 Euphor.
807 2245 948 2296 fragm.
985 2245 1086 2284 Berl.
1115 2244 1432 2284 Klassikertexte
1462 2254 1521 2295 5,1
1554 2256 1595 2294 p.
1624 2243 1675 2293 58
1703 2249 1743 2281 et
1770 2241 1822 2280 cf.

254 2307 385 2348 Hoser
406 2307 448 2348 in
472 2309 666 2348 Roscheri
687 2309 835 2350 Lexico
858 2323 889 2350 s.
898 2323 937 2350 v.
954 2311 1157 2363 Steropes)
1174 2323 1351 2363 quacum
1369 2311 1549 2349 Kreuzer
1566 2308 1608 2347 in
1629 2306 1824 2347 Roscheri

251 2372 401 2413 Lexico
427 2373 453 2413 1.
468 2373 491 2413 i.
521 2373 679 2414 tertiam
708 2374 883 2415 nominis
910 2376 1080 2415 formam
1106 2389 1147 2428 q.
1163 2389 1198 2416 e.
1227 2377 1469 2428 ’Δστιροπαῑος
1496 2371 1686 2427 confert}
1714 2373 1822 2424 Ergo

253 2438 422 2478 dubium
459 2451 541 2479 non
578 2448 638 2479 est
672 2439 771 2492 quin
799 2440 841 2480 in
869 2441 1018 2481 lamina
1045 2441 1204 2482 dativus
1231 2441 1417 2481 adiectivi
1445 2454 1525 2492 q.e
1553 2440 1742 2491 ἁστιρόπης
1769 2438 1821 2479 sit

252 2503 461 2556 ncriptum.

322 2568 353 2619 ι)
381 2568 536 2609 Primus
563 2570 639 2610 hoc
668 2570 950 2622 Wagenvoort,
978 2571 1132 2612 amicus
1159 2585 1286 2621 meus,
1314 2571 1560 2622 observavit;
1588 2571 1703 2611 cuius
1731 2584 1823 2611 sen-

252 2633 421 2673 tentiam
447 2633 617 2675 libenter
643 2648 776 2675 meam
805 2635 893 2678 feci.
919 2638 966 2676 In
994 2637 1143 2677 lamina
1170 2645 1230 2678 est
1261 2640 1309 2688 ¹15
1345 2638 1456 2689 quod
1484 2637 1646 2689 signum
1683 2637 1820 2678 literae

253 2704 281 2735 Υ
303 2698 491 2739 dissimile
513 2707 593 2750 est3
616 2700 648 2739 si
670 2701 836 2752 quidem
858 2701 971 2742 litera
991 2710 1064 2752 est,
1087 2703 1171 2743 fieri
1194 2717 1277 2744 non
1302 2712 1434 2756 potest
1456 2704 1556 2756 quin
1578 2704 1629 2744 sit
1653 2704 1766 2744 litera
1791 2709 1822 2744 1.

254 2764 410 2804 Ductus
444 2765 630 2817 obliquus
656 2767 663 2778 “
687 2766 883 2807 delendus
905 2775 964 2807 eet
988 2781 1068 2808 una
1090 2782 1186 2809 cum
1221 2769 1365 2810 lineola
1402 2775 1415 2806 1
1453 2783 1559 2822 quae
1595 2770 1635 2809 in
1670 2769 1819 2809 lamina

253 2837 312 2869 est
339 2837 431 2880 pout
456 2829 593 2881 ὁδάμασ
620 2834 837 2881 (ΕΔΑΜΔΣΙ
867 2835 1026 2884 ΑῚΟΝ);
1055 2835 1108 2875 cf.
1135 2835 1386 2886 Comparetti
1414 2849 1454 2887 p.
1485 2849 1530 2875 21
1563 2836 1667 2885 „Fra
1693 2834 1720 2874 il
1749 2841 1772 2872 Σ
1801 2847 1824 2875 e

253 2893 277 2933 1⁹
306 2899 332 2932 Α
361 2894 399 2934 ci
426 2897 449 2935 e
478 2908 532 2935 un
562 2909 688 2948 segno
715 2910 831 2937 come
859 2898 900 2938 di
929 2904 943 2935 1
972 2900 1047 2939 che
1071 2901 1169 2952 pero
1198 2913 1279 2940 non
1309 2914 1428 2953 posso
1450 2901 1719 2941 determinare
1741 2914 1821 2942 con

252 2962 626 3076 οεῐξῗιέαὸξοεῧυάἐ)
647 2962 693 3066 ¹in
723 2963 817 3015 quel
838 2972 967 3014 punto
995 2972 1099 3005 stata
1126 2965 1321 3018 ripiegata
1348 2967 1386 3006 la
1412 2967 1660 3008 laminetta”.

475 3054 484 3064 .
556 3056 566 3076 ,
673 3057 681 3067 .
