2176 3450
998 416 1056 466 35

243 541 295 590 In
321 541 516 589 duobus
540 541 672 589 enim
697 539 977 589 nominibus
1001 539 1214 589 eandem
1237 538 1401 605 legem
1429 539 1809 606 etymologicam

243 623 456 672 valuisse
490 633 712 687 apparet,
742 623 783 671 si
811 622 1030 671 dativum
1060 622 1247 672 Oscum
1275 623 1446 671 Euclui
1475 622 1671 672 confers
1700 639 1809 671 cum

243 707 409 756 dativo
444 705 581 755 Osco
617 705 869 755 Hereklul.

308 789 460 839 Credi
479 800 644 838 autem
671 806 770 838 non
795 798 963 853 potest
987 788 1134 838 alium
1157 789 1304 837 deum
1340 788 1501 837 Εὖκλον
1525 805 1558 838 a
1580 789 1811 839 Thurinis

243 872 393 922 alium
429 874 614 921 Εὔκολον
647 889 678 921 a
706 873 1057 936 Metapontinis
1085 872 1269 920 dictum
1299 889 1429 921 esse.
1461 871 1812 922 Concludimus

242 956 385 1022 igitur
397 955 648 1004 Thurinos
665 966 715 1004 et
729 955 1102 1020 Metapontinos
1122 955 1345 1004 Hermen
1363 956 1658 1020 cognomine
1675 956 1812 1021 quod

240 1039 508 1105 gloriosum
549 1038 788 1104 significat
827 1038 1053 1097 coluisse,
1099 1055 1262 1103 neque
1296 1049 1374 1088 est
1407 1039 1543 1103 quod
1577 1039 1812 1088 miremur

241 1123 390 1171 deum
426 1122 521 1171 hoc
555 1121 780 1186 epitheto
809 1132 1037 1171 ornatum
1066 1139 1201 1179 esse3
1232 1139 1345 1171 nam
1376 1122 1507 1171 idem
1536 1123 1640 1171 fere
1669 1123 1811 1188 signi-

242 1205 355 1254 ficat
399 1216 550 1270 atque
596 1204 726 1253 aliud
766 1205 894 1253 istud
929 1205 1185 1269 epitheton
1221 1203 1401 1264 κύδιμος
1436 1206 1573 1270 quod
1607 1205 1757 1272 vulgo
1779 1207 1811 1270 ¹)

242 1289 351 1337 huic
380 1289 483 1338 deo
517 1289 676 1337 datur.

308 1372 407 1421 lam
460 1382 663 1437 rogatur
704 1389 788 1420 cur
823 1371 1066 1420 thiasotae
1103 1371 1151 1419 in
1189 1371 1399 1421 solemni
1434 1373 1646 1422 deorum
1681 1374 1811 1422 invo-

241 1455 433 1504 catione
452 1465 567 1519 post
577 1454 844 1504 Inferorum
858 1454 1100 1520 Reginam
1114 1464 1165 1503 et
1177 1465 1293 1504 ante
1307 1455 1558 1504 dominum
1574 1455 1810 1505 Orcinum

242 1538 463 1587 Hermen
515 1538 795 1595 invocarint‚
848 1537 923 1586 cui
975 1538 1251 1602 quaestioni
1302 1538 1443 1587 facile
1501 1539 1810 1604 respondere

241 1638 516 1687 possumus,
563 1638 673 1670 cum
723 1620 1090 1670 meminerimus
1140 1621 1487 1686 Pythagoreos
1538 1622 1810 1672 credidisse

242 1704 369 1752 hunc
392 1704 541 1753 deum
566 1703 756 1753 animas
786 1702 992 1768 καθαράς
1010 1704 1076 1754 ad
1099 1705 1266 1753 Iovem
1284 1705 1533 1769 prosequi.
1556 1705 1811 1770 Diogenes

240 1787 372 1836 enim
390 1786 613 1836 Laertius
629 1788 823 1852 scripsit
841 1788 1179 1838 Alexandrum
1193 1787 1362 1852 Polyh.
1382 1788 1429 1837 in
1448 1789 1811 1839 commentariis

241 1869 578 1936 Pythagoricis
594 1869 776 1936 legisse
796 1870 1017 1920 Hermen
1036 1875 1195 1930 ταμίαν
1214 1871 1327 1920 εἶναι
1344 1876 1428 1919 τῶν
1448 1877 1615 1935 ψυχῶν,
1634 1872 1812 1935 ἐπειδή-

240 1967 327 2012 περ
360 1945 486 2003 οὗτος
515 1945 754 2000 εἰσπέμπει
789 1948 880 1996 οἶπό
911 1954 996 1996 τῶν
1020 1945 1233 2005 σωμάτων
1257 1949 1336 2004 τοῖς
1360 1949 1521 2013 ψυχάς,
1545 1947 1636 1998 ᾰπό
1661 1970 1709 1998 τε
1733 1954 1814 2013 γῆς

240 2031 312 2076 καὶ
324 2027 374 2076 ἐκ
389 2025 611 2090 θαλάττης
629 2032 701 2076 καὶ
721 2028 912 2089 ἄγεσθαι
930 2029 1012 2088 μὲν
1029 2029 1109 2084 τοὶς
1131 2029 1338 2093 καθαρᾶς
1358 2028 1434 2077 ἐπὶ
1453 2029 1760 2091 τόν“Υψιστον
1769 2038 1812 2088 “),

238 2107 319 2163 ta}⁸
330 2107 382 2155 δὲ
394 2107 797 2171 οἷκαθάρτουςμήτε
812 2108 996 2164 ἐκείναις
1015 2106 1236 2167 πελάζειν,
1255 2106 1365 2171 μήτε
1387 2109 1611 2172 ἀλλήλαις,
1630 2115 1811 2158 δεῖσθαι

241 2186 280 2235 δ’
303 2186 350 2235 ἐν
373 2184 609 2251 ἀρρήκτοις
631 2192 810 2247 δεσμοῖς
835 2188 922 2236 ῠπὸ
947 2187 1139 2252 ἕρινύων.

310 2339 338 2392 ¹)
369 2340 493 2379 Hom.
530 2340 586 2379 H.
623 2338 665 2378 in
706 2339 966 2383 Mercurium.
1002 2353 1040 2380 v.
1076 2342 1141 2389 46,
1171 2342 1234 2390 84,
1264 2342 1326 2391 96,
1361 2354 1448 2392 130,
1481 2352 1568 2393 150,
1600 2354 1690 2394 252,
1719 2343 1810 2394 316,

240 2416 331 2452 ⁴¹⁴·
361 2415 458 2455 5713
484 2404 605 2457 κυδρός
631 2417 672 2445 v.
699 2406 798 2455 ⁴⁶¹3
829 2404 997 2445 Heniod.
1026 2406 1183 2457 Theog.
1211 2419 1250 2446 v.
1279 2407 1356 2457 938
1383 2406 1538 2457 κύδιμος.

309 2469 339 2522 ⁹)
365 2469 482 2521 Diog.
511 2470 643 2510 Laert.
671 2471 779 2519 VIII,
808 2483 873 2523 ³¹·
901 2471 1081 2510 Nonnull
1099 2471 1186 2510 iviri
1212 2471 1321 2511 docti
1341 2472 1555 2512 haeserunt
1573 2472 1614 2512 in
1641 2486 1811 2525 praepo·

241 2532 394 2574 sitionis
429 2547 468 2586 q.
498 2547 532 2575 e.
570 2536 626 2572 ὶπί
663 2548 737 2575 usu
777 2536 908 2575 minus
950 2536 1097 2576 usitato
1145 2537 1290 2587 (Cobet
1327 2538 1444 2577 vertit
1474 2538 1541 2586 „in
1570 2537 1807 2578 altissimum

240 2598 419 2650 locum'’;
461 2601 605 2640 Rohde
641 2601 774 2640 locum
811 2601 1048 2652 temptavit:
1087 2603 1142 2639 ι’πὶ
1168 2602 1228 2639 τὸν
1258 2603 1400 2652 ὕψιστον
1427 2604 1560 2651 κύκλον,
1589 2611 1660 2644 aut
1687 2605 1742 2642 ἑπὶ
1770 2604 1811 2642 τὸ

240 2664 400 2714 ὗψιστονς
428 2665 626 2705 Cumont:
649 2667 695 2708 εἰς
715 2665 774 2703 τὸν
796 2666 989 2715 Ὕψιστον).
1013 2666 1215 2718 Equidem
1236 2668 1402 2708 arbitror
1425 2681 1562 2720 praep.
1577 2669 1636 2706 ι’πί
1651 2669 1716 2709 hic
1730 2669 1811 2709 vim

242 2742 378 2781 praep.
391 2731 437 2773 εὶς
452 2730 512 2769 vel
526 2730 609 2782 πρός
631 2731 795 2781 habere3
812 2732 923 2783 quod
938 2744 1188 2784 quamquam
1203 2732 1241 2772 in
1249 2733 1454 2781 usitatum,
1468 2746 1550 2773 non
1568 2735 1810 2774 mendosum

242 2802 301 2834 est
327 2796 392 2841 (cf.
408 2795 512 2835 Xen.
528 2796 661 2836 Anab.
677 2797 745 2845 IV,
763 2809 782 2846 7
803 2811 812 2837 ε
829 2810 877 2847 23
894 2795 983 2834 ἔθεον
1000 2828 1008 2837 .
1026 2827 1035 2837 .
1052 2798 1120 2837 ,ἐπὶ
1133 2798 1212 2841 τοὺς
1226 2799 1394 2849 βοῶντας)
1400 2813 1411 2848 3
1434 2798 1495 2838 sin
1519 2798 1702 2851 displicet
1716 2813 1811 2840 cum

241 2859 461 2899 Cumontio
485 2861 717 2912 legaturtcic
741 2874 814 2913 pro
835 2863 903 2902 ἐπί.
927 2863 1031 2902 Nam
1057 2863 1198 2915 utique
1221 2872 1380 2903 constat
1398 2864 1564 2913 Ὕψιστον
1579 2877 1662 2904 non
1678 2866 1811 2905 locum

241 2924 312 2964 sed
326 2925 447 2964 deum
463 2938 561 2974 esse,
576 2939 752 2978 eumque
762 2929 916 2978 Jovem.
932 2928 1057 2967 Prave
1075 2929 1220 2968 Rohde
1239 2930 1407 2981 (Psyche
1421 2930 1471 2979 11,
1487 2932 1532 2968 16
1537 2930 1592 2980 5¹)
1601 2930 1812 2971 contendit

241 2990 339 3038 „der
358 2991 523 3031 hochste
540 2991 640 3031 Gott
668 2999 772 3031 ware
800 2992 1119 3033 hebraisirender
1146 2995 1373 3044 Ausdruck,
1404 2994 1476 3034 wie
1504 3008 1597 3034 man
1619 2995 1686 3035 ibn
1706 2997 1812 3036 doch

241 3055 346 3094 auch
374 3056 467 3095 dem
497 3056 613 3096 Alex.
642 3058 725 3097 hier
754 3057 865 3097 nicht
893 3067 1084 3098 zutrauen
1115 3059 1234 3099 kan.”
1250 3061 1431 3100 Cumont
1451 3059 1516 3110 (Ο.
1532 3061 1583 3101 R.
1600 3060 1667 3100 im.
1684 3062 1733 3101 R.
1754 3063 1810 3101 H.
