2176 3450
972 353 1029 398 41

225 476 467 526 werden.’'
516 476 609 524 Per
653 475 894 540 temporis
939 485 1103 524 autem
1139 474 1319 523 seriem
1355 474 1507 534 ἔριφος
1540 473 1586 521 in
1617 476 1790 535 ἐρίφιος

222 559 403 608 abiisse
436 559 679 624 opinatur,
707 574 918 624 quocum
945 557 1203 622 Apollinis,
1228 555 1532 613 Poseidonis,
1558 554 1788 604 Athenae

223 642 423 691 nomina
474 641 690 701 confert,
740 641 823 706 qui
873 641 1136 706 antiquitus
1179 640 1452 704 delphinus,
1491 641 1648 694 ἵππος,
1668 640 1789 700 ‘iuml

222 725 500 783 audiebant,
551 735 667 789 post
716 729 964 788 Δελφίνιος,
997 726 1169 780 ἵππιος,
1204 726 1341 771 ἱππία
1395 721 1787 771 nominabantur.

224 807 386 871 Quam
443 809 509 857 ob
567 825 763 857 causam
820 809 986 870 ἔριφος,
1045 806 1181 871 quod
1239 805 1514 870 Hesychius
1571 803 1788 862 tradidit,

223 891 542 940 Schmidtium
580 908 733 956 prave
768 891 815 939 in
856 894 1026 954 ἐρίφιον
1056 901 1273 938 mutasse
1303 889 1498 937 iudicat.
1517 890 1550 950 ¹)
1573 888 1789 936 Nostrae

221 984 390 1023 autem
424 974 636 1031 laminae
670 986 748 1023 sat
781 973 960 1039 liquide
1006 973 1348 1022 demonstrant
1390 972 1618 1021 Wideum
1654 979 1790 1019 recte

222 1057 455 1123 Hesychii
499 1058 753 1124 glossema
795 1074 826 1107 a
871 1057 1126 1107 Schmidtii
1163 1057 1450 1105 coniectura
1484 1054 1787 1112 defendisse,

222 1141 353 1190 adde
376 1141 512 1206 quod
535 1141 648 1190 olim
673 1140 837 1190 fabula
847 1144 882 1204 ³)
905 1150 1014 1189 erat
1043 1140 1318 1204 Dionysum
1347 1157 1378 1188 a
1398 1139 1522 1203 Jove
1558 1138 1606 1186 in
1640 1140 1792 1201 ἔριφον

222 1234 460 1273 mutatum
506 1225 571 1274 ab
617 1225 805 1273 Herme
840 1224 901 1272 ad
945 1223 1186 1288 nymphas
1228 1223 1469 1287 Nyseides
1503 1220 1791 1270 translatum

222 1324 349 1365 esse,
402 1317 453 1356 et
493 1307 702 1372 Dionysi
737 1307 863 1356 inter
898 1306 1108 1355 nutrices
1149 1322 1246 1354 non
1291 1305 1448 1354 solum
1485 1305 1662 1367 Ἐριφία
1697 1303 1791 1352 sed

221 1390 368 1439 etiam
410 1391 570 1454 Ἔρίφη
618 1400 671 1440 et
718 1391 883 1453 Ἐρέφα
940 1389 1403 1438 annumerabantur.
1426 1390 1460 1452 ⁸)
1516 1387 1790 1436 Thiasotae

223 1473 368 1539 igitur
401 1473 607 1523 Thurini
649 1473 925 1538 Dionysum
970 1474 1122 1536 ἔριφον
1166 1471 1554 1537 appellaverunt,
1600 1471 1791 1536 quibus-

221 1573 333 1605 cum
362 1557 567 1606 feminas
595 1557 758 1615 Eleas,
786 1556 1054 1621 Thyiades,
1070 1557 1106 1615 ⁴)
1132 1566 1249 1620 apte
1267 1554 1494 1604 conferre
1512 1571 1789 1619 possumus,

221 1655 351 1704 quae
385 1641 534 1690 deum
568 1640 663 1689 hoc
687 1640 870 1704 hymno
906 1644 1090 1703 κλητικῷ
1129 1639 1446 1688 invocabant:

579 1747 754 1796 Ἐλθεῒν
782 1748 874 1811 ἣρω
899 1744 1086 1795 Διόνυσε

576 1828 739 1877 ‘Alium
766 1827 813 1882 ἐς
836 1827 938 1875 ναόν
961 1826 1087 1888 ἁγνὸν
1112 1827 1190 1875 miv
1214 1831 1475 1889 χαρίτεσσιν,

578 1908 626 1964 ἐς
648 1909 749 1956 ναόν
773 1912 835 1970 τῷ
858 1910 973 1969 βοέῳ
1001 1911 1106 1955 noda·
1134 1907 1268 1963 θύων,

577 1988 675 2048 ἄξιε
698 1993 847 2052 ταῦρε,
871 1988 967 2048 ἄξιε
993 1992 1126 2051 ταῦρε

222 2092 425 2142 Praeter
443 2092 568 2141 duas
584 2092 795 2141 nominis
812 2091 996 2141 formas
1013 2109 1060 2157 q.
1080 2108 1119 2141 s.
1145 2092 1297 2154 ἔριφος
1313 2100 1365 2139 et
1390 2091 1566 2154 ἐρίφιος
1597 2090 1791 2139 tertium

292 2213 320 2263 1)
347 2213 399 2252 cf.
428 2210 555 2259 wide,
584 2213 637 2252 l.l.

290 2277 320 2325 ¹)
348 2278 615 2329 Apollodorus
643 2277 712 2326 111,
741 2290 779 2326 4,
808 2290 846 2328 3,
876 2289 896 2326 7
929 2277 1106 2316 fabulam
1134 2276 1324 2316 narravit.

291 2344 321 2393 ⁸)
348 2343 479 2395 Ἐρίφη,
507 2344 639 2394 Etym.
670 2344 727 2383 M.
756 2357 794 2394 p.
825 2355 915 2393 372,
944 2355 996 2392 43
1038 2342 1171 2394 Ἐριφία
1216 2343 1326 2393 Hyg.
1368 2341 1464 2381 Fab.
1512 2342 1583 2380 182
1601 2354 1613 2390 ς
1654 2341 1791 2393 Ἐρίφα,

223 2409 358 2461 Etym.
379 2410 436 2449 M.
456 2422 495 2460 p.
514 2420 607 2460 372,
633 2421 647 2447 1
670 2409 736 2458 (cs.
757 2407 889 2460 Ἐρίφα,
910 2420 992 2447 una
1014 2420 1063 2447 ex
1086 2407 1212 2447 tribus
1232 2406 1447 2446 Marmacis
1471 2406 1600 2457 equis,
1620 2406 1792 2446 Pausan.

225 2475 293 2523 Vl,
311 2487 374 2523 21,
390 2476 441 2523 7).
461 2475 592 2525 Etym.
616 2475 673 2513 Μ.
692 2487 731 2525 p.
754 2486 845 2524 302,
865 2485 937 2524 59:
968 2474 1050 2523 φασὶ
1077 2473 1143 2525 γάρ
1171 2472 1275 2510 αὑτὸν
1303 2472 1370 2510 ὑπὸ
1399 2474 1521 2523 ι’ρίφων
1547 2474 1792 2525 ἀνατραφῆναι.

292 2544 319 2589 ⁴)
361 2539 452 2579 Plut
505 2539 647 2589 Queat.
688 2539 760 2579 Gr.
799 2539 992 2589 XXXVI,
1033 2539 1085 2579 cf.
1128 2539 1230 2578 Plut.
1272 2539 1325 2578 de
1351 2538 1456 2578 Iside
1483 2538 1670 2587 XXXV;
1701 2537 1793 2577 vide

224 2604 403 2657 Voightii
430 2605 813 2645 commentationem
843 2604 883 2644 in
912 2605 1086 2644 Rocheri
1104 2604 1233 2644 lexico
1252 2605 1284 2654 l,
1303 2617 1342 2656 p.
1368 2615 1465 2654 1055
1488 2616 1571 2655 seq.
1579 2617 1591 2653 ;
1612 2611 1791 2643 ceterum

224 2670 276 2709 de
303 2670 388 2709 deis
415 2669 649 2710 aminalium
677 2671 752 2710 sub
779 2670 914 2721 specie
941 2670 1058 2709 cultis
1085 2671 1136 2709 cf.
1166 2671 1224 2710 M.
1253 2670 1314 2709 W.
1344 2669 1395 2708 de
1417 2668 1562 2719 visset,
1585 2668 1661 2707 Die
1681 2668 1793 2708 nicht

225 2735 655 2787 menschengestaltige
682 2735 827 2775 Gotter
854 2736 925 2774 der
942 2735 1158 2784 Griechen,
1176 2734 1366 2787 Lugduni
1388 2735 1627 2774 Batavorum
1648 2746 1673 2773 a
1693 2746 1791 2784 ¹903

228 2822 276 2830 —
318 2801 351 2851 J.
392 2800 699 2850 Schestelowitz‚
738 2801 821 2840 Das
851 2800 1140 2841 Hornermotiv
1168 2800 1209 2839 in
1239 2801 1319 2839 den
1349 2799 1603 2851 Religionen,
1644 2798 1793 2838 Archiv

226 2865 288 2905 {nr
330 2865 819 2917 Religionswissenschaft,
857 2879 895 2918 p.
926 2867 1135 2917 451—487
1167 2879 1202 2905 a.
1237 2878 1337 2917 ¹9¹²
1382 2887 1428 2895 —
1474 2866 1643 2910 Usener,
1672 2865 1793 2904 Gott-

225 2929 328 2969 liche
356 2930 602 2982 Symnyme,
631 2931 710 2970 Rh.
739 2932 846 2971 Mus.
880 2931 980 2982 1898
1009 2945 1048 2983 p.
1079 2931 1156 2981 360
1185 2944 1269 2983 seq.
1296 2944 1337 2964 =
1361 2930 1507 2970 Kleine
1521 2930 1719 2970 Schriften
1735 2930 1792 2969 IV

227 3008 267 3046 p.
298 2995 374 3034 288
404 3008 486 3047 seq.
