2176 3450
1012 398 1073 445 39

259 534 310 572 et
365 523 555 571 Thebis
606 522 989 587 antiquissimum
1039 520 1146 574 Διὸς
1189 519 1308 582 ἱερὸν
1344 518 1570 581 ἐπίκλησιν
1605 518 1824 581 Ὑψίστου

259 623 450 655 necnon
504 605 644 661 πύλας
694 606 758 653 ab
802 604 898 653 hoc
946 604 1045 652 deo
1092 603 1248 651 dictas
1292 601 1485 665 ὑψίστοις
1527 601 1688 649 fuisse.
1744 599 1824 648 De

259 690 436 754 quibus
472 688 738 737 Pausanias
759 690 808 752 ¹),
838 697 1009 752 portas
1041 685 1310 734 Thebanas
1345 685 1391 732 ἐν
1413 689 1478 744 τῷ
1503 683 1724 746 περιβόλῳ
1749 687 1828 730 τοῦ

257 772 439 836 ἀρχαίου
484 776 652 831 τείχους
708 787 1018 828 enumerans,
1081 769 1247 818 scribit
1307 767 1431 816 haec
1484 766 1614 816 fere:
1660 769 1739 823 τὰς
1776 771 1825 816 δὲ

255 849 476 911 ιΥψίστοις
501 852 575 896 ἐπὶ
600 846 713 908 λόγῳ
738 852 893 909 τοιῷδε
914 844 1240 906 ὀνομάζουσι’..
1255 883 1266 894 .
1293 846 1406 908 πρὸς
1417 843 1468 892 δὲ
1480 844 1599 898 ταῒς“
1614 846 1827 907 Υψίσταις

256 922 363 977 Διὸς
387 922 506 985 ἱερόν
527 925 752 984 ἐπίκλησίν
776 924 889 969 ἐστιν
912 921 923 936 ⁸
938 924 1158 984 Υψίστου).
1185 917 1401 978 Πομπεὺς
1444 919 1573 967 enim
1609 916 1825 965 Hermes

256 1005 414 1054 dictus
437 1016 514 1054 est
543 1005 626 1070 qui
657 1023 685 1054 a
714 1015 847 1053 terra
877 1004 924 1052 in
956 1003 1146 1052 coelum
1177 1002 1333 1061 ducit,
1368 1009 1620 1061 Πομπαῖος,
1646 1000 1825 1049 Suidas

255 1088 280 1136 ὁ
304 1088 396 1136 α’πὸ
419 1093 504 1135 τῶν
528 1091 683 1150 γηίνων
710 1090 774 1142 εἷς
804 1087 859 1135 w?
892 1084 1073 1149 οὐράνια
1099 1089 1284 1143 πέμπων
1319 1085 1405 1144 ait3
1442 1089 1626 1138 πυλαῒος
1659 1094 1823 1132 autem

255 1171 386 1220 idem
420 1171 543 1220 deus
577 1171 733 1219 dictus
768 1181 846 1219 est
886 1170 951 1218 ab
990 1168 1109 1218 Orci
1147 1169 1318 1233 portis,
1361 1185 1486 1232 quas
1525 1165 1824 1232 Pythagorei

255 1254 577 1303 nominabant
606 1255 713 1315 ᾅδου
740 1252 896 1308 πύλας.
931 1251 1081 1314 Quod
1108 1252 1392 1300 Alexander
1415 1251 1549 1315 apud
1574 1249 1824 1298 Laertium

254 1337 436 1386 rettulit
456 1338 505 1400 ⁹).
565 1337 802 1386 Videmus
858 1336 1003 1402 igitur
1062 1335 1308 1390 Ειῗβουλεύς
1366 1351 1512 1399 quam
1566 1333 1823 1398 eleganter

255 1420 477 1485 epitheto
528 1438 575 1485 q.
596 1439 638 1467 e.
681 1421 905 1484 ’Ὑψιστος
956 1428 1157 1467 ornatus
1208 1418 1283 1466 sit.
1337 1416 1481 1480 Quae
1533 1417 1572 1465 si
1619 1415 1825 1465 feliciter

253 1503 500 1568 disputata
524 1514 650 1561 sunt,
677 1502 1010 1552 concludimus
1033 1501 1274 1550 thiasotas
1291 1517 1387 1550 una
1405 1517 1515 1548 cum
1550 1499 1823 1548 Inferorum

253 1587 425 1652 regina
476 1586 713 1643 Hermen,
765 1585 1092 1650 Proserpinae
1142 1584 1362 1632 nuntium
1410 1593 1461 1632 et
1495 1582 1821 1638 Eubouleum,

252 1668 581 1734 Proserpinae
627 1670 849 1718 maritum
897 1669 1169 1717 invocasse.
1232 1666 1329 1729 Qui
1373 1677 1478 1715 tres
1508 1666 1588 1714 dei
1623 1681 1823 1730 prorsus

252 1753 431 1802 eodem
484 1753 635 1801 modo
685 1753 947 1818 iunguntur
995 1752 1040 1799 in
1088 1751 1444 1816 epigrammate
1490 1749 1748 1814 sepulcrali
1771 1750 1821 1813 ⁸),

251 1835 332 1884 ubi
367 1834 569 1901 legitur:

877 1918 1084 1982 ἁρπάξας
1108 1917 1347 1982 Ἐριούνιος
1373 1919 1587 1979 Εὖβουλῆι

502 1991 661 2041 τέκνον]
694 1988 880 2051 ἄθυρμα
906 1991 1040 2051 φέρεν
1067 1986 1326 2050 Φερσεφόνῃ
1350 1987 1387 2034 τ’
1413 1985 1570 2047 ἀλόχῳ.

319 2071 636 2119 Harrisoniae
655 2071 800 2135 igitur
812 2071 978 2135 opinio
992 2071 1296 2136 repudianda
1309 2081 1401 2127 est,
1416 2087 1543 2135 quae
1557 2069 1748 2133 scripsit
1758 2070 1793 2132 ⁴)
1809 2091 1818 2117 ε

321 2187 349 2232 1)
376 2186 591 2226 Pausanias
622 2186 692 2230 IX,
724 2186 760 2234 8,
786 2199 811 2234 4
825 2200 836 2234 ;
866 2195 955 2236 post
986 2187 1191 2236 ὀνομάζουσι
1219 2186 1364 2225 lacuna
1392 2193 1463 2225 est.

319 2251 348 2298 ²)
377 2251 494 2303 Diog.
523 2252 568 2290 L.
598 2252 705 2299 VIII,
736 2264 799 2301 34.

317 2317 347 2363 ⁸)
375 2317 531 2365 Kaibe1‚
559 2316 696 2368 Epigr.
725 2316 795 2355 Gr.
827 2327 914 2365 272,
944 2329 1001 2367 9.;
1025 2317 1199 2356 Hermes
1216 2315 1358 2366 ἆγγιλος
1371 2317 1586 2368 Φιρσιφόνης,
1602 2316 1652 2355 1.1.
1672 2326 1760 2366 575,
1780 2327 1820 2364 ις

249 2382 300 2422 cf.
329 2381 456 2433 epigr.
488 2394 577 2433 312,
607 2382 656 2420 8:
710 2382 808 2431 τειμὴ
835 2381 870 2418 δ’
899 2383 934 2418 bt
963 2382 1040 2424 Διὸς
1070 2383 1142 2419 ἐστι
1169 2383 1232 2420 σὺν
1261 2384 1460 2419 ἀθανάτοισι
1487 2385 1591 2419 θεοῖσι
1618 2381 1634 2434 J
1662 2381 1821 2433 Ἑρμείαο

250 2446 374 2497 λόγοις·
404 2448 439 2490 ὃς
467 2447 505 2498 μ’
535 2447 677 2499 οὐρανὸν
705 2447 810 2497 ἤγαγε
830 2454 952 2499 χειρῶν
971 2448 1088 2498 κ.τ.λ.;
1114 2460 1411 2499 nonnunquam
1437 2447 1525 2499 ipsa
1553 2447 1820 2498 Persephone,

250 2514 492 2564 Παμβασὶλιωι
536 2513 612 2552 hoc
653 2525 820 2551 munere
862 2513 1054 2564 fungitur,
1082 2512 1175 2552 vide
1203 2513 1339 2565 Epigr.
1370 2514 1460 2561 218,
1490 2523 1533 2563 15
1566 2522 1605 2552 et
1634 2522 1726 2564 452,
1761 2523 1820 2560 17.

315 2579 346 2626 ⁴)
375 2578 584 2624 Hanison,
615 2578 714 2617 Prol.
731 2592 768 2629 p.
792 2579 881 2629 588.
900 2577 1151 2629 Comparetti
1165 2578 1354 2630 opinatur
1369 2579 1535 2618 Euclem
1550 2591 1636 2617 esse
1653 2577 1820 2626 Orcum,

249 2643 501 2683 Eubouleum
544 2657 630 2683 esse
671 2642 893 2694 Dionysum
903 2658 914 2693 ;
957 2643 1049 2683 vide
1090 2653 1226 2684 autem
1269 2644 1488 2695 imaginem
1515 2656 1622 2695 quae
1649 2642 1820 2694 primam

250 2707 334 2748 eius
374 2708 461 2748 libri
504 2709 694 2760 paginam
723 2718 851 2749 ornat.
881 2709 958 2748 Cui
988 2708 1073 2760 ipse
1100 2709 1281 2761 ascripsit
1309 2710 1407 2748 haec
1437 2710 1520 2756 „La
1547 2708 1730 2760 vignetta
1756 2708 1821 2747 del

250 2773 493 2825 frontispizio
534 2776 556 2814 ὲ
598 2774 774 2814 ricavata
814 2775 868 2814 da
911 2774 1067 2823 Bartoli,
1110 2774 1202 2815 Pitt.
1243 2775 1270 2814 d
1324 2775 1513 2827 Sepolcro
1557 2774 1623 2814 dei
1668 2773 1819 2813 Nasoni

250 2846 279 2879 t.
308 2839 417 2888 vm,
447 2838 647 2888 wieseler,
676 2840 851 2880 Denkm.
883 2841 919 2878 11
951 2841 1009 2879 n0.
1038 2840 1129 2880 860.
1173 2842 1343 2880 Hermes
1372 2848 1560 2891 presenta
1587 2839 1655 2879 un’
1684 2839 1821 2878 anima

249 2904 350 2954 (coll'
373 2904 532 2944 eidolon
552 2904 656 2944 della
676 2905 819 2950 morte)
838 2906 874 2944 al
892 2905 1067 2957 giudizio
1087 2906 1128 2945 di
1149 2905 1252 2945 Aide
1272 2906 1347 2945 che
1363 2906 1474 2945 siede
1487 2918 1564 2945 con
1580 2903 1818 2945 Persesone''

249 2968 440 3008 Ceterum
468 2970 520 3010 cf.
550 2970 913 3018 Muller-Wieseler,
949 2970 984 3010 11
1022 2984 1101 3022 3²9
1139 2979 1178 3011 et
1215 2984 1293 3022 330
1325 2979 1364 3011 et
1402 2971 1627 3019 Overbeck,
1666 2971 1801 3010 Kunst

249 3034 506 3086 mythologie,
536 3036 616 3075 tab.
651 3048 709 3084 ¹7-
745 3049 758 3074 ι
767 3049 804 3086 3.
