2176 3450
771 795 1222 846 CONSPECTUS
1277 795 1472 844 LIBRI.

1814 970 1903 1017 Pag.

340 1046 621 1088 Prooemium
647 1074 1770 1086 ................
1882 1055 1899 1086 1

341 1151 501 1194 CAPUT
531 1151 571 1192 I:
605 1150 675 1192 De
707 1164 831 1192 more
862 1150 1057 1205 quodam
1089 1149 1370 1204 Pythagoreo
1464 1180 1767 1191 .....
1877 1158 1898 1203 5

398 1227 420 1274 ξ
456 1235 492 1265 1.
538 1223 609 1264 De
640 1222 809 1277 origine
839 1222 1151 1275 mysteriorum
1178 1234 1293 1275 quae
1320 1221 1365 1262 in
1392 1219 1578 1262 Graecia
1603 1220 1770 1262 maiore

537 1299 641 1335 sunt
671 1292 786 1334 facta
872 1322 1768 1334 .............
1879 1300 1899 1345 5

396 1369 419 1416 5
450 1376 490 1407 2.
536 1365 607 1407 De
638 1378 762 1406 more
793 1364 990 1418 quodam
1021 1363 1301 1418 Pythagoreo
1388 1393 1768 1404 ......
1873 1375 1904 1417 9

534 1435 589 1476 A.
638 1435 709 1476 De
757 1435 1020 1476 laminarum
1071 1440 1116 1476 et
1166 1434 1435 1488 Aegyptiaci
1491 1434 1766 1476 Mortuorum

644 1506 742 1548 libri
773 1506 1062 1547 similitudine
1090 1536 1768 1547 ..........
1850 1516 1903 1548 10

536 1577 585 1619 B.
644 1578 714 1619 De
745 1578 899 1619 ritibus
931 1576 1249 1632 sepulcralibus
1279 1575 1567 1631 Pythagoreis
1610 1608 1619 1618 .
1685 1608 1693 1617 .
1757 1608 1767 1618 .
1849 1586 1901 1630 17

396 1653 418 1700 5
450 1659 490 1701 3.
537 1649 608 1690 De
639 1647 796 1690 Getico
828 1648 1054 1690 Zalmoxis
1086 1647 1206 1689 cultu
1238 1678 1768 1689 ........
1850 1648 1900 1689 18

395 1724 489 1771 554.
537 1719 776 1762 Conclusio
866 1750 1395 1761 ........
1414 1709 1417 1713 “
1458 1742 1472 1750 -
1534 1750 1545 1760 .
1608 1750 1619 1760 .
1682 1750 1692 1760 .
1756 1751 1767 1760 .
1845 1730 1902 1771 24

337 1825 500 1868 CAPUT
529 1826 589 1867 II:
636 1826 708 1867 De
763 1826 858 1867 deis
914 1840 958 1881 q.
991 1840 1026 1868 s.
1074 1826 1111 1865 E
1119 1825 1342 1874 ΥΚΛΗΣ,
1389 1826 1425 1864 E
1434 1824 1768 1875 ΥΒΟΥΛΕΥΣ,

454 1897 459 1901 ’
640 1896 864 1936 ΕΡΙΦΟΣ
938 1929 1765 1939 ............
1843 1897 1902 1938 26

394 1972 417 2019 5
452 1979 488 2010 1.
535 1968 605 2010 De
636 1967 879 2010 Inferorum
912 1969 1066 2023 regina
1087 1998 1765 2010 ..........
1843 1968 1901 2010 26

393 2043 416 2090 g
447 2050 487 2080 2.
536 2039 606 2080 De
636 2039 722 2080 deo
753 2053 796 2094 q.
815 2053 853 2080 e.
883 2030 1129 2089 Εὖβουλεύς
1161 2070 1763 2081 .........
1843 2049 1898 2093 27

392 2114 415 2160 ς
447 2121 486 2163 3.
533 2109 604 2152 De
634 2110 721 2152 deo
753 2124 795 2165 q.
813 2123 852 2151 e.
887 2102 1054 2164 Εὕκλῆς
1088 2099 1113 2152 ,Δ
1161 2141 1763 2152 .........
1844 2121 1895 2163 31

393 2185 415 2231 ἓ
445 2193 486 2233 4.
534 2180 604 2223 De
635 2181 722 2222 deo
753 2195 796 2236 q.
818 2195 856 2223 e.
891 2173 1079 2236 ’Ἔριφος
1088 2213 1762 2223 ..........
1840 2191 1901 2233 40

335 2285 496 2329 CAPUT
526 2287 606 2329 111:
649 2287 718 2329 De
759 2288 949 2329 duorum
992 2289 1240 2330 carminum
1282 2288 1568 2330 similitudine
1605 2294 1651 2329 et
1681 2288 1766 2330 dis-

653 2359 880 2413 crepantia
939 2389 1765 2400 ............
1839 2359 1900 2411 46

392 2433 414 2480 5
450 2440 487 2471 1.
533 2428 694 2471 Variae
726 2430 1014 2484 interpretum
1046 2431 1293 2472 sententiae
1324 2435 1640 2472 enumerantur
1677 2462 1687 2471 .
1751 2461 1763 2471 .
1839 2430 1899 2482 46

391 2504 414 2551 g
444 2511 484 2541 2.
531 2500 819 2542 Laminarum
870 2502 1211 2555 discrepantiam
1262 2502 1318 2544 ad
1365 2502 1506 2543 varias
1554 2501 1764 2543 nascendi

530 2571 818 2613 condiciones
849 2571 1126 2614 referendam
1157 2586 1255 2614 esse
1286 2578 1473 2628 negatur
1529 2604 1538 2614 .
1601 2603 1612 2613 .
1676 2604 1686 2614 .
1750 2603 1762 2613 .
1843 2581 1899 2625 50

391 2645 413 2692 §
446 2652 483 2694 3.
531 2640 768 2695 Quaeritur
819 2656 1040 2697 quaenam
1090 2644 1304 2698 temporis
1354 2644 1464 2685 ratio
1513 2644 1626 2685 inter
1674 2649 1763 2685 tres

530 2712 719 2755 laminas
751 2714 922 2755 intersit
938 2745 1762 2766 ............
1843 2722 1893 2767 55

529 2784 587 2826 A.
631 2784 703 2826 De
733 2785 997 2827 condicione
1028 2786 1332 2840 sepulcrorum
1381 2817 1761 2828 ......
1842 2794 1892 2839 55

529 2854 579 2896 Β.
639 2854 709 2897 De
739 2869 946 2897 versuum
977 2857 1192 2911 scriptura
1235 2888 1762 2902 ........
1842 2856 1898 2909 56

530 2924 580 2967 C.
638 2926 709 2968 De
740 2928 957 2968 sermonis
982 2928 1193 2969 varietate
1231 2958 1761 2969 ........
1842 2935 1895 2982 57

528 2996 585 3038 D.
636 2996 876 3039 Conclusio
935 3029 1761 3040 ............
1841 2999 1894 3051 58

2139 1196 2171 1420 ”amm-ww

2132 1423 2150 1474 ,ΛΗ
2138 1392 2142 1399 e

2151 1916 2168 1930 c*
2149 1902 2152 1907 -
2135 1415 2170 1889 flfssssssffl‘ssssffli-‘»'m''Tzifi'ssfv323240«³5
