2176 3450
1004 358 1065 409 57

248 483 365 533 tium
397 484 480 549 qui
512 492 669 533 totam
701 484 828 533 hanc
861 483 1119 532 materiem
1141 499 1251 532 cum
1280 483 1550 547 pulvisculo
1586 483 1820 545 excussit)

247 576 299 617 et
340 566 564 615 videmus
607 566 862 616 aurificem
883 571 918 628 ¹)
964 566 1013 615 in
1055 565 1325 631 scalpendo
1372 566 1526 616 multa
1566 583 1818 631 peccasse.

656 697 716 746 C.
783 698 862 747 Dc
892 697 1131 747 sermonis
1163 698 1408 746 varietate.

311 797 651 848 Observamus
666 799 714 848 in
731 798 945 848 carmine
958 799 1006 847 A
1017 798 1108 848 has
1126 797 1320 847 dialecti
1337 797 1591 848 Thurinae
1610 798 1817 848 formas:

311 898 459 931 versu
501 896 547 930 12
583 886 790 946 καθαρῶν
815 892 867 931 et
897 880 1098 946 κοθαρά;
1142 882 1321 930 eadem
1370 881 1530 931 forma
1575 882 1727 932 etiam
1769 882 1819 931 in

249 964 426 1015 tabulis
460 964 770 1014 Heracliticis
803 964 982 1031 legitur
1000 966 1050 1026 ⁸).

309 1065 456 1097 versu
494 1064 548 1110 3:
595 1048 865 1097 infinitivus
910 1058 988 1097 est
1032 1047 1179 1107 εἶμενς
1229 1048 1356 1098 aliae
1398 1058 1566 1098 autem
1607 1047 1820 1098 laminae

246 1130 484 1181 exhibent
500 1131 612 1180 εἶναι
628 1148 722 1196 per
739 1131 1086 1196 compendium
1105 1131 1353 1196 scripturn,
1375 1148 1524 1197 quam
1537 1132 1605 1181 ob
1618 1147 1818 1180 causam

245 1213 424 1263 Kaibel
470 1224 608 1264 recte
653 1215 864 1264 coniecit
908 1214 1033 1263 haec
1077 1215 1176 1264 duo
1223 1215 1438 1264 oermina
1472 1232 1534 1264 ex
1568 1213 1815 1264 communi

245 1297 517 1363 archetypo
552 1299 800 1363 descripta
834 1314 964 1347 esse.

309 1396 457 1430 versu
492 1384 539 1440 6,
577 1394 620 1443 7,
657 1381 686 1429 8
721 1381 908 1430 formae
922 1383 956 1446 ⁸)
992 1384 1191 1440 ἐξέπτατ’,
1214 1382 1395 1441 ἐπέβαν,
1421 1386 1671 1438 δεσποίνας.

308 1480 457 1514 versu
499 1480 517 1512 1
533 1480 581 1513 1:
618 1465 786 1512 ἕπετον.

313 1546 521 1597 Duabus
555 1558 720 1597 autem
754 1547 858 1596 aliis
891 1549 939 1597 in
979 1548 1171 1597 laminis
1211 1549 1391 1597 nullum
1434 1548 1580 1598 huius
1622 1549 1818 1599 dialecti

243 1630 505 1697 vestigium
549 1631 805 1696 reperitur,
847 1641 1047 1696 praeter
1087 1648 1237 1680 unum
1271 1633 1602 1681 accusativum
1637 1633 1818 1693 ποινᾰνς

244 1714 338 1765 sed
354 1723 490 1764 recte
510 1714 763 1764 Hosmann
773 1717 809 1779 ⁴)
833 1716 1110 1764 adnotavit:
1140 1715 1270 1773 „Die
1289 1715 1481 1781 einzige
1499 1715 1818 1766 dialectische

244 1796 415 1856 Form,
461 1797 650 1847 welche
690 1798 792 1847 sich
827 1798 874 1847 in
910 1798 1008 1847 den
1044 1798 1228 1847 beiden
1265 1799 1455 1848 andern
1490 1807 1657 1859 (carm.
1694 1799 1734 1847 B
1768 1809 1820 1848 et

245 1879 309 1946 C)
364 1879 540 1940 findet,
597 1880 810 1931 namlich
863 1882 955 1931 der
1000 1881 1277 1930 Akkusativ
1320 1879 1475 1930 ποινάν
1507 1882 1627 1931 wird
1667 1882 1820 1931 durch

245 1963 326 2014 die
344 1964 852 2014 danebenstehenden
867 1964 1083 2014 Formen
1097 1965 1276 2027 οἷγαυήν,
1301 1964 1428 2023 εἶναι,
1452 1983 1498 2014 u.
1513 1982 1558 2015 a.
1572 1964 1816 2015 wertlos.’'

311 2046 662 2096 Concludimus
695 2047 843 2114 igitur
876 2065 1076 2098 carmen
1113 2048 1159 2096 A
1194 2047 1413 2098 Thurina
1447 2048 1659 2098 dialecto
1688 2065 1818 2098 com-

243 2130 458 2197 positum
493 2133 628 2206 CQ3
663 2131 987 2180 observamus
1022 2142 1189 2180 autern
1226 2131 1374 2181 etiam
1407 2131 1520 2183 lam.
1559 2132 1715 2181 Thur.
1750 2130 1818 2180 IV

246 2213 506 2263 nonnullas
546 2213 733 2263 formas
772 2213 1054 2264 dialecticas
1095 2214 1355 2264 exhibere:
1397 2232 1444 2263 v.
1486 2231 1518 2277 4
1566 2216 1722 2270 ἔπειες
1766 2225 1819 2266 et

245 2313 292 2346 v.
329 2311 355 2345 2
391 2299 440 2362 (e
475 2296 647 2347 Dielsii
681 2298 978 2362 coniectura)
1015 2295 1069 2354 ἇς
1090 2320 1133 2339 =
1154 2299 1240 2354 ἕως
1261 2300 1306 2363 ⁵).

314 2410 343 2460 1)
382 2410 575 2451 Laminae
614 2410 793 2452 aurificis
835 2412 993 2452 mendis
1028 2420 1187 2453 scatent
1196 2427 1208 2463 ;
1245 2426 1322 2465 e.g.
1359 2415 1397 2453 Α
1432 2426 1469 2453 v.
1509 2426 1529 2452 2
1568 2426 1659 2466 pars
1694 2414 1819 2454 altera

246 2486 368 2528 prave
394 2476 588 2528 repetitur
615 2490 653 2518 v.
681 2490 728 2527 45
749 2490 786 2517 v.
812 2489 832 2527 7
862 2485 954 2529 post
976 2491 1013 2518 v.
1038 2478 1062 2516 8
1085 2477 1231 2530 legitur
1252 2478 1399 2518 iterum
1407 2493 1420 2529 3
1448 2479 1520 2518 sed
1546 2479 1639 2519 vide
1661 2479 1818 2521 tabulas

245 2540 401 2594 photot.
436 2541 479 2581 in
517 2541 695 2583 editione
727 2542 1004 2595 Comparettii.
1040 2543 1100 2593 (in
1137 2543 1287 2596 quibus
1313 2542 1399 2582 εἶναι
1427 2557 1499 2596 per
1525 2544 1816 2596 compendium

246 2605 439 2658 ecriptnm
469 2620 557 2647 esse
583 2607 781 2658 videmus,
809 2607 902 2647 vide
929 2608 1034 2648 insta
1060 2609 1126 2660 C).

314 2670 347 2722 ¹)
373 2672 437 2713 Cf.
464 2673 643 2723 Thumb‚
673 2674 911 2714 Handbuch
938 2675 1011 2714 der
1037 2685 1096 2726 gr.
1126 2674 1228 2714 Dial.
1258 2679 1387 2726 3¹03·

315 2736 348 2789 ⁸>
375 2737 439 2777 Cf.
468 2738 778 2790 Radermacher,
806 2740 886 2781 Rh.
914 2741 1104 2780 Museum
1133 2753 1171 2780 a.
1202 2753 1302 2792 1912
1333 2753 1373 2792 p.
1401 2750 1493 2790 474.

313 2802 349 2852 ⁴)
375 2803 585 2844 Hoffmann
612 2804 667 2844 ad
693 2805 869 2845 Carmen
898 2806 935 2845 Α
960 2804 1001 2845 in
1029 2804 1200 2846 Collitzii
1228 2805 1329 2846 libro
1355 2818 1391 2846 c.
1407 2813 1435 2846 t.
1465 2805 1731 2858 „Sammlung
1744 2805 1817 2845 der

247 2865 533 2909 Griechischen
561 2868 1009 2911 Dialekt-Imchriften”
1036 2870 1103 2923 (cs.
1131 2883 1254 2923 supra
1279 2870 1462 2911 Prooem.
1491 2884 1532 2922 p.
1560 2874 1613 2922 3).

249 2995 285 3038 ο
317 2931 348 2983 ⁸)
376 2932 480 2974 Vide
506 2934 642 2987 Caput
668 2936 706 2973 V
735 2939 756 2984 ς
782 2948 819 2977 2.
846 2936 1040 2977 Ceterum
1067 2936 1118 2975 cf.
1148 2936 1300 2976 formae
1325 2935 1560 2976 dialecticae
1594 2934 1636 2975 in
1659 2934 1817 2976 laminis

285 2996 430 3038 reticiz.
