2176 3450
1145 357 1231 391 102

406 481 600 546 imply.''
658 481 725 528 To?
753 477 954 542 δρώμενα
989 479 1056 527 ita
1091 486 1295 542 peracta
1329 494 1442 525 esse
1474 487 1596 540 puto
1630 477 1874 542 equidem,
1917 487 1972 528 ut

405 574 582 629 mysta,
594 580 703 612 cum
717 580 779 612 ex
790 578 977 611 corona
989 560 1273 610 flammifera
1285 570 1663 624 symmystamm
1678 559 1970 620 exsiluisset,

406 647 656 712 ingressus
690 646 750 694 sit
785 648 995 707 στέφανον
1029 643 1163 691 humi
1199 643 1459 691 iacentem.

472 729 663 778 Scimus
700 728 833 777 enim
868 728 914 775 in
948 726 1333 775 Bacchanalibus
1368 725 1551 790 aliquid
1586 743 1678 790 per
1711 726 1970 791 mysticam

407 828 640 862 coronam
667 809 1037 874 exsequendum
1058 809 1230 867 fuisse3
1252 825 1366 857 nam
1386 808 1432 857 in
1450 809 1682 858 bacchica
1699 809 1972 862 Ptolemaei

407 893 709 957 Philadelphi
769 909 954 957 pompa
981 893 1016 956 1)
1066 894 1274 955 στέφανοί
1320 891 1357 938 τ’
1406 894 1634 954 ἐπίχρυσοι
1678 889 1965 951 ἐπόμπευσαν

406 975 630 1034 τρισχίλιοι
655 967 879 1026 διακόσιοι,
903 966 1053 1032 ἕτερός
1077 989 1124 1016 τε
1136 968 1342 1027 μυστικὸς
1353 974 1540 1030 χρυσοῦς
1551 971 1698 1024 λίθοις
1715 971 1972 1019 πολυτελέσι

406 1052 720 1114 κεκοσμημένος
763 1045 1176 1110 ὀγδοηκοντάπηχυς.
1220 1045 1346 1103 οὗτος
1381 1051 1430 1095 δὲ
1470 1051 1753 1110 περιετίθετο
1788 1052 1853 1110 τῷ
1894 1052 1976 1098 τοῦ

409 1133 672 1193 Βερινικείου
698 1126 943 1192 θυρώματι.

473 1214 583 1263 Huc
628 1213 942 1262 referendum
987 1223 1064 1262 est
1108 1214 1158 1262 id
1194 1214 1330 1278 quod
1362 1214 1695 1281 Pythagoram
1712 1220 1746 1277 ⁹)
1778 1223 1973 1280 μυστικῷ

405 1298 555 1362 τρόπῳ
606 1297 786 1346 dixisse
836 1296 1136 1362 Porphyrius
1187 1297 1364 1346 refert:
1403 1301 1646 1362 ,,στέφανον
1667 1299 1731 1362 μὴ
1753 1298 1971 1360 τίλλειν”;

407 1380 625 1444 sequitur
643 1380 1004 1445 interpretatio:
1027 1380 1159 1439 ,ρούς
1181 1378 1340 1440 νόμους
1361 1381 1425 1444 μή
1449 1385 1756 1440 λυμαίνεσθαι,
1768 1385 1974 1446 στέφανοι

404 1463 488 1527 γάρ
521 1461 692 1512 πόλεων
716 1461 878 1512 οὗτοι”.
894 1464 1004 1513 Sed
1020 1464 1134 1512 mihi
1152 1463 1281 1512 aliud
1299 1463 1394 1512 hoc
1410 1464 1686 1529 symbolum
1697 1464 1973 1531 significare

405 1545 598 1594 videtur
627 1548 678 1610 ⁸),
723 1547 860 1611 quod
904 1547 970 1595 ad
1015 1547 1160 1595 ritum
1204 1564 1294 1611 per
1341 1550 1551 1610 στέφανον
1596 1549 1971 1614 exsequendum

406 1645 504 1678 non
554 1629 751 1678 trahere
801 1629 998 1680 difficile
1049 1640 1139 1679 est.
1188 1630 1512 1695 Praeceptum
1547 1631 1678 1681 enim
1712 1632 1972 1696 mysticum

407 1728 521 1762 esse
577 1713 784 1772 videtur,
842 1731 941 1778 quo
991 1714 1203 1762 initiandi
1254 1730 1489 1762 coronam
1540 1714 1674 1763 humi
1725 1714 1974 1764 iacentem

406 1794 613 1860 ingressi
646 1796 875 1846 iubentur
909 1813 1087 1845 cavere
1122 1814 1186 1845 ne
1221 1797 1347 1846 hanc
1365 1800 1467 1845 ποσὶ
1482 1800 1796 1860 καρπαλίμοισι
1810 1806 1974 1848 terant

407 1887 556 1943 atque
590 1878 792 1928 calcent.

473 1961 576 2010 Sed
609 1972 716 2011 utut
749 1980 831 2012 res
865 1963 990 2012 haec
1023 1981 1080 2013 se
1115 1963 1281 2021 habet,
1316 1980 1491 2012 versus
1527 1978 1551 2026 5
1590 1973 1642 2014 et
1675 1966 1706 2011 6
1747 1964 1814 2014 ita
1851 1963 1972 2013 acci-

405 2044 570 2109 piendi
626 2055 755 2104 sunt,
809 2063 890 2094 me
941 2047 1116 2106 iudice,
1168 2058 1221 2095 ut
1271 2057 1431 2111 mysta
1481 2047 1646 2096 medio
1695 2047 1743 2095 in
1794 2046 1972 2096 circulo

407 2128 598 2193 positus
644 2146 803 2193 exque
848 2147 911 2178 eo
959 2147 1194 2196 egressus
1236 2130 1299 2179 sit
1344 2131 1498 2194 (quod
1538 2139 1616 2178 est
1648 2130 1858 2194 primum
1889 2134 1974 2179 τῶν

407 2215 654 2274 δρωμένων)
690 2213 870 2262 deinde
908 2214 1056 2262 citato
1102 2214 1260 2278 gradu
1303 2230 1541 2262 coronam
1586 2213 1774 2262 intrarit
1818 2212 1973 2278 (quod

407 2303 484 2342 est
516 2294 722 2343 alterum
758 2293 1012 2357 δρώμενον).

791 2408 843 2456 B.
896 2409 974 2457 De
1006 2414 1187 2473 mystae
1219 2410 1588 2474 regeneratione.

472 2507 585 2570 Quo
632 2509 782 2558 modo
828 2520 989 2574 mysta
1033 2520 1232 2559 renatus
1277 2511 1352 2568 sit,
1399 2510 1689 2559 describitur
1734 2527 1879 2559 versu
1926 2523 1970 2572 7,

475 2670 503 2718 1)
530 2670 692 2720 Athen„
720 2671 772 2720 V,
803 2683 876 2710 202
907 2671 947 2710 d.

473 2734 503 2782 2)
530 2735 675 2786 Porph.
705 2736 756 2775 V.
785 2736 829 2776 P.
858 2749 922 2785 42,
951 2737 1002 2775 cf.
1030 2737 1196 2785 Boehm,
1224 2737 1276 2776 de
1303 2737 1342 2776 S.
1371 2737 1501 2788 Pyth„
1529 2750 1569 2788 p.
1601 2735 1734 2788 13s14.

475 2799 505 2846 3)
531 2800 566 2838 E
592 2799 688 2841 locis
717 2813 838 2851 supra
865 2801 991 2841 allatis
1018 2809 1185 2853 apparet
1213 2814 1296 2841 non
1331 2802 1452 2853 νόμους
1488 2802 1560 2841 sed
1590 2803 1708 2852 τείχεα
1742 2800 1851 2840 dicta
1885 2813 1973 2841 esse

406 2867 586 2914 στεφάνους
617 2865 760 2904 πόλεων.
795 2866 902 2905 Cum
929 2878 1024 2905 vera
1051 2867 1221 2917 symboli
1248 2866 1494 2918 significatio
1520 2866 1660 2918 mystis
1686 2873 1848 2907 tantum
1874 2873 1974 2906 nota

407 2936 523 2978 esset,
559 2929 673 2969 facile
701 2929 792 2970 fieri
816 2930 951 2981 potuit
979 2939 1024 2971 ut
1051 2931 1235 2972 homines
1262 2931 1421 2983 profani
1453 2931 1571 2971 aliam
1598 2930 1972 2983 interpretationem

407 2993 459 3032 de
485 3006 559 3033 suo
587 2993 806 3046 fingerent.
