2176 3450
1005 317 1065 378 87

250 452 463 502 haben.”
496 453 660 516 Quam
691 452 1145 517 interpretationem
1174 452 1375 501 Delatte
1391 457 1424 512 1)
1461 452 1817 516 repudiandam

249 553 362 586 esse
391 547 576 594 censet,
607 536 742 600 quod
771 546 967 585 mortuo
996 535 1168 584 mortis
1191 535 1443 584 arbitrium
1469 536 1626 583 detur.
1658 535 1817 584 Nobis

249 630 416 669 autem
449 619 630 668 Rohdii
664 619 999 684 interpretatio
1034 618 1193 683 magis
1226 619 1486 684 ingeniosa
1520 635 1668 682 quam
1698 634 1818 667 vera

248 703 465 753 videtur:
513 719 626 751 nam
667 703 732 751 de
766 703 1045 751 hominibus
1080 702 1143 750 de
1178 702 1322 750 coelo
1355 702 1498 750 tactis
1531 702 1613 767 agi
1646 718 1818 749 verum

248 786 448 851 quidem
487 795 578 844 est,
630 786 721 834 sed
755 785 866 834 nulli
901 785 1210 834 alternationi
1244 785 1406 834 locum
1442 801 1555 834 esse
1590 785 1637 832 in
1673 801 1818 833 versu

248 869 297 918 in
315 869 559 934 integrum
577 869 801 917 restituto
819 868 1056 933 apparuit.
1078 867 1253 916 Rohde
1272 878 1440 916 autem
1460 868 1536 916 cui
1549 867 1818 916 Hoffmanni

248 962 435 1001 tantum
481 969 654 1001 versus
700 952 925 1000 recensio
971 968 1094 1015 prae
1145 951 1370 999 manibus
1415 950 1564 999 fuisse
1607 950 1816 1008 videtur,

248 1035 410 1084 facere
445 1052 544 1084 non
579 1035 740 1099 potuit
773 1035 887 1099 quin
917 1034 981 1083 ad
1010 1035 1384 1083 alternationem
1404 1035 1546 1082 istam
1566 1045 1817 1098 tamquam

247 1119 314 1168 ad
347 1130 621 1167 extremum
651 1118 885 1167 auxilium
914 1117 1223 1183 confugeret,
1252 1134 1552 1182 quamquam
1580 1118 1687 1182 ipse
1717 1134 1816 1166 non

248 1202 438 1251 nescius
484 1212 592 1250 erat
636 1201 766 1250 haud
810 1200 949 1249 facile
994 1201 1223 1266 distingui
1268 1217 1420 1265 posse
1463 1211 1676 1249 mortem
1727 1216 1819 1265 per

246 1282 454 1349 κεραυνόν
500 1295 551 1333 et
595 1286 777 1333 exitum
825 1284 910 1333 fati
953 1284 1153 1332 crimine
1199 1283 1416 1332 allatum.
1464 1283 1641 1348 Neque
1685 1283 1818 1332 enim

246 1378 444 1418 veteres
468 1369 781 1417 crediderunt
804 1368 949 1417 aliam
976 1378 1187 1415 mortem
1214 1375 1394 1428 Μοῖραν
1420 1366 1565 1416 aliam
1593 1365 1820 1429 Κεραυνόν

246 1451 523 1500 hominibus
557 1451 750 1510 afferre,
791 1451 883 1500 sed
917 1451 975 1499 iis
1010 1466 1300 1515 persuasum
1348 1460 1455 1500 erat
1506 1458 1679 1512 Μοῖραν
1722 1466 1819 1498 una

246 1551 360 1583 cum
404 1534 603 1583 fulmine
651 1535 724 1582 τὸν
766 1533 992 1596 διόβλητον
1044 1533 1287 1597 abripere.
1325 1533 1475 1596 Quod
1509 1544 1721 1599 apparet
1755 1550 1818 1582 ex

246 1634 422 1667 eorum
456 1617 699 1666 sententia
728 1618 791 1666 de
820 1616 1034 1674 Semela,
1065 1633 1196 1681 quae
1222 1623 1434 1680 κεραυνοῦ
1458 1616 1820 1682 κατασκήψαντος

246 1703 486 1767 ἠφανίσθη·
524 1704 691 1766 ἐκείνην
720 1707 800 1762 μέν
831 1702 918 1760 οὖν,
953 1702 1086 1750 ὁποία
1119 1703 1196 1750 ἐπὶ
1231 1712 1322 1758 τοῖς
1354 1701 1600 1766 διοβλὴτοις
1635 1706 1818 1763 λέγεται,

247 1781 379 1833 θείας
401 1782 562 1842 μοίρας
584 1782 731 1836 λαχεῖν
756 1774 982 1840 ᾠήθησαν,
1025 1788 1077 1825 et
1110 1794 1172 1825 ex
1207 1777 1430 1826 versibus
1469 1778 1681 1826 laminae
1721 1777 1815 1825 Th.

246 1860 449 1926 quintae
473 1861 728 1925 inscriptis,
755 1860 932 1924 quibus
955 1871 1108 1925 poeta
1122 1862 1156 1921 8)
1186 1869 1367 1925 Μοῖραν
1389 1860 1519 1910 hunc
1544 1861 1590 1909 in
1614 1861 1817 1925 modum

245 1944 484 1994 celebrat:

317 2113 345 2162 ι)
373 2112 545 2162 Delatte‚
573 2113 716 2151 Musee
746 2112 866 2163 Belge
899 2125 1012 2162 1912,
1042 2125 1081 2163 p.
1114 2113 1209 2152 12⁶:
1252 2113 1335 2161 ,‚Le
1375 2111 1445 2152 fait
1485 2115 1618 2152 meme
1660 2125 1741 2163 que
1780 2112 1817 2151 le

245 2178 388 2218 desunt
416 2179 602 2229 presente
629 2177 902 2226 l'alternative,
931 2190 1024 2217 sans
1051 2177 1241 2229 indiquer
1268 2178 1363 2229 quel
1382 2186 1441 2217 est
1459 2190 1532 2217 son
1548 2176 1817 2227 cas,suffirait

245 2243 272 2283 a
298 2245 451 2283 ecarter
477 2250 585 2283 cette
612 2242 959 2294 interpretation?

313 2313 343 2361 ἵ)
371 2314 545 2363 Charax,
574 2314 685 2365 apud
712 2315 861 2362 Anon„
889 2314 941 2352 de
968 2312 1162 2353 incredib.
1194 2314 1255 2363 16,
1285 2326 1323 2364 p.
1353 2324 1445 2364 335,
1475 2324 1495 2364 5
1527 2326 1611 2365 seq.

314 2385 345 2432 ⁸)
372 2386 394 2424 1.
423 2384 607 2424 Thurina
633 2383 789 2436 quinta,
819 2384 939 2433 Diels,
967 2385 1027 2425 n0.
1057 2397 1120 2434 21,
1150 2397 1187 2423 v.
1211 2398 1236 2433 4
1256 2397 1339 2436 seq.
1349 2399 1360 2434 5
1392 2383 1501 2423 Diels
1515 2383 1775 2430 (Festschrift.
1790 2384 1816 2424 s.

245 2450 448 2502 Gomperz
475 2463 516 2502 p.
549 2453 611 2498 υ)
638 2450 786 2489 dubius
810 2450 946 2489 haeret
975 2458 1109 2489 utrum
1139 2450 1199 2489 his
1226 2449 1407 2489 versibus
1434 2449 1588 2489 Moirae
1617 2462 1668 2488 an
1706 2448 1817 2488 Helii

245 2516 352 2556 facta
378 2523 709 2564 annumerentur,
738 2528 832 2554 cum
861 2515 1105 2567 praecedant
1133 2527 1271 2554 versus
1299 2515 1358 2555 hi:

514 2604 718 2657 Πρατογόνω
748 2609 795 2656 Γῇ
823 2605 927 2656 ματρὶ
955 2602 1014 2654 ἔφη
1043 2605 1220 2657 Rufinam
1248 2605 1375 2656 Κόρρα-

515 2679 906 2727 ....Δὴμητρος....
936 2675 1096 2713 πανόπτα
1124 2681 1295 2715 Ζεῦ.

511 2747 607 2784 Ἥλιε
635 2752 708 2799 Πῦρ
734 2746 795 2783 διὰ
821 2747 920 2784 πάντ’
947 2746 1037 2786 ἄστη
1064 2748 1187 2796 via-tat,
1215 2746 1270 2785 ὅτε
1297 2749 1402 2789 νίκαις

512 2818 572 2858 ἥδε
598 2821 730 2870 Τύχαις
758 2819 875 2868 ὶφάνης
905 2815 978 2872 [καὶ
1006 2817 1110 2872 ὃμοῦ]
1139 2822 1364 2870 nappe-:inope
1392 2819 1517 2869 Μοίρᾳ.

298 2906 379 2946 Sed
407 2906 561 2947 Moirae
584 2919 733 2947 nomen
762 2907 874 2959 quod
902 2907 1100 2947 sactorum
1128 2906 1312 2958 catalogo
1348 2906 1618 2958 praemittitur
1650 2913 1690 2945 et
1724 2905 1816 2944 sub-

246 2971 426 3023 sequitur
453 2983 616 3012 omnem
645 2971 940 3012 dubitationem
970 2971 1083 3031 tollit.
