2176 3450
1009 337 1101 385 109

717 461 750 526 ἓ
783 475 828 523 3.
879 459 958 510 De
988 465 1142 510 morte
1172 459 1383 524 mystica.

331 595 604 646 Videamus
631 613 730 662 quo
758 595 911 646 modo
938 606 1132 662 mystae
1159 595 1286 645 hanc
1314 596 1562 646 actionem
1589 597 1656 646 ad
1679 597 1833 646 instar

265 680 439 730 mortis
488 679 794 729 celebrarint.
846 679 899 728 In
948 686 1257 728 ΤΕΛΕΤΑΙΣ
1292 687 1624 728 ΜΕΓΑΛΑΙΞ
1639 683 1672 742 ¹)
1722 691 1836 730 sunt

261 763 320 813 ταὶ
342 762 464 812 δεινοὶ
488 759 646 820 πάντα,
669 766 807 827 φρίκη
830 766 902 811 καὶ
926 762 1088 826 τρόμος
1111 766 1184 811 καὶ
1207 761 1344 826 ἱδρώς
1372 766 1445 811 καὶ
1475 761 1670 824 θάμβος,
1704 780 1835 829 quae

263 851 363 908 φῶς
384 866 427 894 τι
451 843 701 906 θαυμάσιον
733 845 967 911 sequitur,
1002 855 1054 894 et
1086 843 1331 909 Proclus⁹)
1365 844 1548 894 rettulit
1577 847 1625 894 ἐν
1647 850 1703 908 τῇ
1724 864 1829 901 μυσ-

262 926 475 991 τικωτᾶτῃ
488 934 575 976 τῶν
590 933 774 977 τελετῶν
793 929 895 984 τούς
907 925 1151 993 θεουργούς
1173 928 1370 978 iussisse
1403 925 1596 978 θάπτειν
1624 929 1675 978 τό
1705 934 1834 988 σῶμα

264 1013 379 1077 πλήν
399 1017 478 1077 τῆς
500 1017 708 1076 κεφαλῆς.

327 1099 381 1149 ln
402 1099 692 1149 Mitlzrtacz's
711 1099 868 1148 sacris
891 1098 1016 1148 haec
1039 1098 1170 1148 actio
1199 1098 1461 1148 homicidio
1490 1098 1656 1149 similis
1679 1099 1832 1151 fuisse

262 1182 479 1243 videtur3
516 1182 873 1246 Commodus&
905 1182 1035 1231 enirn
1071 1198 1244 1240 „sacra
1276 1182 1533 1232 Mithriaca
1566 1182 1833 1233 homicidio

260 1282 384 1316 vero
427 1264 614 1331 polluit,
660 1282 769 1315 cum
810 1264 903 1314 illic
936 1264 1119 1330 aliquid
1152 1265 1218 1315 ad
1257 1265 1474 1330 speciem
1518 1265 1707 1316 timoris
1752 1265 1832 1316 vel

262 1349 355 1399 dici
388 1348 469 1398 vel
503 1348 631 1414 fingi
665 1346 873 1398 soleat.'’

332 1566 447 1606 Dans
473 1565 511 1605 le
537 1565 683 1617 poeme
710 1564 767 1603 du
786 1563 843 1602 n0.
866 1563 945 1615 638
965 1563 1074 1614 (lam.
1092 1562 1233 1612 Petel.)
1252 1561 1450 1603 d'ailleurs
1463 1562 1583 1603 l’Ame
1604 1563 1833 1604 elle-meme

261 1630 466 1672 demande
504 1630 531 1669 ὲ.
563 1629 676 1670 boire
703 1640 783 1668 aux
809 1627 999 1680 gardiens
1026 1628 1079 1668 de
1105 1628 1144 1668 la
1171 1627 1374 1678 fontaine5
1403 1628 1477 1668 elle
1500 1628 1658 1669 deciate
1685 1628 1833 1681 qu'elle

261 1703 324 1738 est
353 1696 570 1737 dessechee
615 1703 656 1735 et
699 1694 845 1746 qu'elle
886 1706 930 1734 se
969 1701 1114 1734 meurt.
1156 1693 1282 1734 L’eau
1308 1694 1361 1733 de
1387 1694 1426 1733 la
1453 1693 1647 1744 fontaine,
1673 1694 1746 1747 qui
1772 1701 1833 1735 est

264 1761 539 1804 evidemment
566 1761 619 1801 de
645 1761 684 1800 la
709 1759 920 1810 Memoire,
947 1771 1112 1800 connue
1137 1773 1211 1834 par
1229 1761 1302 1800 des
1321 1767 1456 1800 autres
1475 1767 1616 1810 tenes,
1630 1767 1711 1800 sert
1724 1760 1832 1800 donc

260 1828 289 1869 ἑ
315 1828 355 1868 la
380 1826 586 1868 refratchir
599 1833 640 1867 et
653 1826 680 1866 ὰ
693 1825 909 1876 lavivifier,
922 1824 1003 1865 loin
1019 1825 1072 1866 de
1084 1824 1308 1866 constituet
1322 1838 1403 1865 une
1416 1826 1628 1878 &preuves
1657 1826 1710 1866 Et
1723 1833 1833 1866 recte

259 1892 427 1947 quidem
473 1891 539 1932 ille
578 1892 875 1943 Mnemosynae
915 1891 1071 1931 donum
1112 1889 1408 1943 optatissimum
1451 1898 1491 1931 et
1525 1893 1682 1943 πάθημα,
1718 1891 1831 1943 quod

258 1965 392 2012 mysta
416 1970 629 2010 nunquam
653 1963 776 1997 antea
802 1969 944 2009 passus
971 1963 1068 2007 erat,
1095 1955 1277 1996 distinxit
1285 1969 1298 2007 3
1325 1956 1398 1996 sed
1427 1955 1562 1996 minus
1583 1964 1694 1997 recte
1721 1955 1831 1996 idem

259 2023 433 2066 coniecit
477 2025 620 2075 πάθημα
665 2021 892 2074 significare
935 2020 1012 2062 iter
1056 2020 1226 2075 (πορείας)
1273 2028 1365 2073 post
1402 2028 1574 2062 mortem
1605 2021 1830 2062 naturalem

257 2088 491 2131 faciendum
529 2088 573 2141 (il
600 2094 661 2128 est
686 2086 847 2128 difficile
873 2087 926 2127 de
952 2085 1051 2138 dire,
1079 2086 1238 2139 d’apres
1264 2086 1303 2126 le
1326 2093 1530 2137 contexte,
1556 2087 1583 2127 ὲ
1609 2085 1707 2139 quoi
1733 2085 1762 2127 il
1787 2099 1831 2127 se

258 2162 448 2208 rapporte
488 2183 500 2196 .
527 2183 540 2195 .
568 2183 579 2195 .
608 2182 619 2194 .
646 2153 682 2194 11
721 2160 782 2194 est
822 2153 996 2205 possible
1027 2165 1110 2205 que
1136 2165 1185 2192 ce
1211 2160 1339 2193 terme
1366 2164 1477 2192 assez
1503 2165 1636 2204 vague
1662 2151 1831 2205 designe

258 2219 516 2274 simplement
555 2219 594 2260 le
632 2230 790 2270 voyage
828 2217 1040 2259 lui-meme
1078 2230 1178 2259 avec
1217 2230 1282 2258 ses
1322 2217 1498 2258 diverses
1538 2217 1754 2270 peripeties
1789 2224 1831 2258 et

256 2284 522 2339 l’impreesion
549 2283 648 2337 qu’il
672 2283 836 2337 produit
862 2296 932 2324 sur
956 2282 1092 2337 l'ame)
1115 2295 1251 2336 neque
1263 2282 1403 2323 Dielsii
1417 2282 1628 2323 adnotatio
1643 2281 1830 2335 prodestt

259 2350 326 2393 »in
353 2350 436 2392 den
462 2348 777 2391 verschiedenen
805 2348 971 2390 stadien
999 2349 1072 2389 der
1098 2348 1454 2401 Metempsychose
1474 2347 1525 2389 ist
1541 2347 1607 2388 die
1625 2347 1739 2388 Seele
1751 2347 1831 2388 bis-

258 2417 331 2458 her
349 2416 459 2457 noch
481 2414 595 2456 nicht
615 2427 708 2455 zum
728 2415 875 2455 letzten
889 2415 976 2454 und
999 2414 1209 2465 hochsten,
1224 2413 1297 2454 det
1310 2414 1557 2466 Apotheose,
1571 2413 1829 2466 angelangtc

257 2482 396 2535 Mysta
435 2480 545 2522 enim
578 2493 664 2522 non
690 2493 763 2533 per
788 2479 1158 2533 metempsychosin
1186 2480 1240 2520 ad
1266 2478 1506 2532 apotheosin
1533 2477 1729 2532 pervenit,
1756 2478 1830 2519 sed

257 2559 333 2602 per
357 2553 530 2588 mortem
557 2546 608 2586 ad
635 2545 1005 2598 regenerationem3
1032 2546 1144 2598 quod
1161 2544 1362 2599 pellucid'e
1376 2551 1546 2597 apparet
1559 2556 1610 2584 ex
1628 2542 1830 2585 Plutarchi

258 2611 488 2666 fragmento
513 2611 626 2665 quod
652 2623 775 2663 supra
801 2609 1012 2663 exscripsi.

328 2688 360 2740 ¹)
386 2687 493 2730 Vide
518 2687 724 2730 Plutarchi
749 2688 1024 2740 fragmentum
1051 2699 1175 2741 supra
1199 2688 1238 2737 (5
1266 2700 1287 2727 2
1316 2687 1368 2738 B)
1395 2687 1573 2727 allatum.

325 2765 359 2820 ²)
383 2765 548 2807 Prodat
567 2764 611 2806 in
627 2765 728 2806 Pht.
741 2764 862 2806 theol.
876 2764 950 2816 IV,
963 2777 988 2817 9
1002 2763 1181 2817 scripsit:
1194 2765 1252 2803 καὶ
1265 2763 1285 2802 ὃ
1297 2766 1435 2803 πάντων
1447 2765 1522 2802 §orl
1532 2762 1828 2815 θαυμαστότατον,

256 2828 312 2871 ‘n
334 2837 404 2871 τῶν
427 2833 593 2886 θεουῃῶν
617 2832 756 2869 θάπτειν
776 2829 818 2869 τὸ
830 2835 934 2883 σῶμα
945 2830 1144 2869 κελευόντων
1156 2829 1246 2870 πλὴν
1257 2834 1318 2874 τῆς
1331 2829 1473 2881 κεφαλῆς
1486 2829 1520 2867 δν
1531 2833 1576 2883 τῇ
1588 2829 1827 2881 maurit-3·

255 2901 325 2936 τῶν
334 2896 489 2948 τελετῶν,
502 2895 522 2936 ὃ
535 2897 679 2935 Πλάτων
693 2896 859 2935 καὶτοῦτο
865 2896 1060 2950 προείληφεν
1070 2927 1080 2937 .
1090 2924 1104 2937 .
1116 2924 1125 2934 .
1139 2895 1205 2937 ct.
1213 2893 1431 2946 Dieterich,
1446 2893 1724 2948 Mithmlit.p.
1737 2893 1828 2946 163.

325 2973 360 3027 ⁸)
385 2972 483 3015 Vita
507 2971 735 3024 Commodi,
760 2985 799 3015 c.
825 2973 899 3015 IX.
