2176 3450
1050 350 1135 397 152

310 474 375 523 ad
406 474 703 539 Argivorum
733 473 1048 521 imitationem
1079 472 1160 536 qui
1189 474 1346 533 α’φιᾶσι
1371 475 1420 519 δὲ
1445 475 1516 519 καὶ
1539 477 1612 519 νῦν
1641 472 1704 519 ἔτι
1731 472 1778 526 ἐς
1801 472 1874 520 τόν

309 556 480 619 βόθρον
509 560 737 615 καιομένας
760 555 996 614 λαμπάδας
1023 557 1147 616 Κόρῃ
1173 560 1226 615 τῇ
1250 554 1496 618 Δήμητρος,
1513 559 1547 614 1)

377 639 434 687 ΙΙΙ
480 640 525 687 in
560 639 701 687 Elide
737 655 834 686 non
870 638 1027 686 solum
1063 637 1229 685 Iovem
1254 639 1477 701 ’Ὕψιστον
1511 647 1562 686 et
1596 641 1874 702 Μοιραγέτην

312 739 408 770 una
452 739 562 770 cum
610 722 811 778 Herme,
858 721 949 769 sed
994 721 1142 768 etiam
1191 723 1434 768 Δέσποιναν
1475 721 1653 769 cultam
1689 738 1816 777 esse,
1838 721 1873 781 ⁹)

379 805 443 852 lv
484 805 616 868 apud
650 805 872 852 Arcades
907 807 1153 864 Δεσποίνης
1176 806 1347 866 τελέτην
1368 805 1401 867 ⁸)
1440 803 1603 862 fuisse,
1641 804 1794 863 (cuius
1828 805 1874 852 in

311 887 496 951 templo
522 887 645 947 τύπῳ
663 898 804 935 erant
824 887 1160 950 ἐπειργασμέναι
1179 894 1353 948 Μοῖραι
1367 890 1437 934 καὶ
1454 895 1565 941 Ζεύς
1583 890 1876 950 Μοιραγέτης)
1899 891 1902 894 ’

313 987 343 1019 a
360 971 553 1018 sinistra
570 971 697 1018 deae
716 969 883 1032 templi
903 979 1044 1033 parte
1063 969 1211 1016 fuisse
1229 968 1289 1027 χοῖ
1294 991 1372 1032 ραν
1390 972 1588 1032 Κρητέαν
1600 971 1878 1030 καλουμένην.

380 1053 601 1101 Arcades
646 1064 809 1100 autem
853 1053 1212 1100 contenderunt
1246 1052 1419 1114 Jovem
1461 1052 1722 1100 educatum
1764 1068 1876 1100 esse

313 1136 407 1184 hoc
442 1137 486 1183 in
521 1135 647 1192 loco,
683 1153 780 1184 non
817 1137 864 1183 in
901 1136 1058 1184 insula
1093 1135 1258 1183 Creta.
1281 1138 1316 1195 ⁴)

378 1219 443 1266 Et
482 1219 738 1282 quisquam
779 1219 950 1267 credet
989 1219 1239 1266 Thurinos
1256 1223 1448 1281 βροντῶν
1468 1219 1602 1267 initia
1618 1223 1650 1279 ⁵)
1686 1219 1751 1267 de
1786 1235 1877 1266 suo

315 1301 536 1358 finxisse,
573 1319 671 1349 non
707 1319 736 1350 a
773 1302 1094 1350 Cretensibus
1129 1302 1221 1350 sibi
1255 1302 1514 1350 ascivisse?

380 1385 554 1433 Addas
611 1385 705 1434 hoc
762 1396 1122 1450 argumentum,
1180 1386 1314 1449 quod
1366 1402 1549 1434 aureae
1584 1385 1795 1433 laminae
1830 1385 1877 1432 in

315 1468 550 1531 sepulcris
585 1485 682 1516 non
713 1469 869 1517 solum
899 1469 1142 1517 Graeciae
1173 1469 1370 1517 maioris
1399 1469 1490 1516 sed
1519 1469 1665 1516 etiam
1694 1468 1878 1516 Cretae

315 1550 542 1599 inventae
571 1561 694 1599 sunt.
732 1552 879 1599 Adde
908 1552 1114 1600 alterum
1145 1553 1282 1616 quod
1312 1551 1501 1600 Petilini
1529 1563 1580 1599 et
1609 1551 1879 1600 Cretenses

316 1634 527 1682 eandem
562 1634 717 1682 fidem
750 1635 814 1683 de
845 1635 1092 1682 hominum
1124 1635 1327 1700 origine,
1358 1635 1421 1683 de
1451 1635 1612 1683 Terra
1641 1644 1692 1682 et
1720 1632 1879 1682 Coelo

316 1716 615 1780 parentibus,
657 1717 720 1765 de
756 1717 932 1783 frigida
966 1718 1158 1766 animae
1204 1719 1383 1766 sitienti
1430 1718 1710 1766 desiderata
1748 1733 1880 1781 aqua

316 1800 470 1847 secuti
504 1810 631 1848 sunt.
670 1801 814 1849 Adde
850 1801 1045 1849 tertium
1080 1801 1214 1865 quod
1259 1800 1513 1850 Euboulos
1551 1801 1690 1857 deus,
1733 1816 1880 1864 quem

316 1881 519 1930 Thurini
553 1884 853 1942 invocarunt,
890 1901 1053 1948 neque
1088 1884 1407 1932 Cretensibus
1441 1884 1637 1949 ignotus
1666 1883 1766 1942 fuit,
1795 1882 1880 1947 qui

318 1964 432 2012 olim
468 1965 720 2014 Demetris
754 1966 906 2014 filium
942 1967 1038 2016 hoc
1073 1968 1268 2016 nomine
1303 1978 1553 2016 ornarunt.

384 2047 484 2096 lam
508 2049 827 2098 confiteberis
851 2051 897 2098 in
917 2061 1321 2115 mystasnostros
1356 2051 1537 2099 cadere
1571 2049 1880 2099 Cretensium

319 2129 456 2179 illud:
484 2135 519 2195 ⁶)
567 2132 646 2187 τοῖς
682 2138 786 2194 περὶ
822 2134 877 2181 τοὶ
911 2132 1130 2196 μυστήρια
1166 2135 1343 2188 τελετάς
1379 2133 1428 2181 ἐκ
1467 2131 1647 2196 Κρήτης
1682 2135 1747 2187 εἰς
1782 2131 1884 2186 τούς

319 2217 478 2268 ἄλλους
501 2213 770 2277 ἀνθρώπους
796 2215 1151 2279 παραδεδόσθαι.
1188 2216 1325 2281 Ergo
1352 2217 1655 2265 Creticorum
1686 2226 1738 2264 et
1760 2214 1881 2263 Itali-

319 2312 487 2344 corum
535 2299 877 2361 mysteriorum
915 2299 1176 2356 similitudo
1221 2317 1317 2348 non
1364 2300 1496 2348 casui
1542 2300 1752 2347 debetur
1791 2298 1883 2347 sed

319 2378 519 2427 Thurini
545 2381 670 2429 lovis
696 2382 1004 2446 Dionysique
1028 2382 1183 2430 cultus
1206 2383 1445 2448 originem
1465 2383 1656 2431 indicat.
1681 2381 1883 2430 Thurini

321 2461 587 2511 Cretenses
626 2465 780 2512 secuti
819 2465 1116 2522 initiandum,
1153 2477 1418 2530 antequam
1454 2465 1677 2514 Bacchus
1710 2465 1880 2523 exiret,

376 2601 406 2652 1)
434 2601 604 2641 Pausan.
630 2604 680 2651 Π,
711 2615 813 2653 22,3.
841 2603 904 2644 Cf.
932 2617 1053 2655 supra
1080 2619 1120 2656 p.
1142 2606 1242 2656 ¹38⁴·

376 2666 407 2719 ²)
436 2667 605 2707 Pausan.
634 2669 684 2718 V,
718 2680 778 2721 15.

378 2731 410 2784 ⁸)
436 2732 608 2773 Pausan.
637 2734 748 2783 VIII,
777 2746 842 2786 37.

374 2797 408 2849 4)
437 2798 606 2838 Pausan.
636 2800 744 2849 VIII,
773 2802 844 2851 38:
871 2803 927 2838 καὶ
953 2801 1013 2840 τὴν
1042 2806 1187 2853 Κρήτην,
1214 2799 1292 2838 ἔνθα
1320 2799 1492 2852 ὃΚρητῶν
1507 2798 1580 2850 ἔχει
1604 2799 1704 2849 λόγος
1718 2803 1881 2850 τραφῆναι

325 2865 401 2910 Δία,
428 2863 468 2900 τὸ
496 2866 622 2915 χὼριον
647 2870 748 2902 τοῦτο
774 2865 859 2903 εἶναι
884 2867 941 2903 καὶ
968 2869 1006 2903 οὐ
1032 2869 1093 2907 τὴν
1120 2871 1220 2906 νῆσον
1248 2866 1519 2916 ἀμφισβητοῦσιν
1545 2866 1577 2901 οἱ
1605 2863 1777 2916 Ἀρκάδες.

379 2928 407 2979 ⁵)
434 2929 539 2968 Vide
565 2930 695 2981 Supra
721 2944 810 2982 cap.
840 2933 876 2969 V
905 2937 924 2979 5
954 2945 990 2983 3.

378 2995 409 3041 6)
438 2997 651 3045 Diodorus,
680 2998 729 3044 V,
761 3008 823 3046 77.
