2176 3450
969 358 1053 393 101

230 484 297 533 de
330 499 431 549 quo
465 481 717 532 Dieterich
738 482 772 546 ¹)
806 480 999 546 scripsit
1032 481 1281 540 ,,στέφανος
1314 487 1393 528 est
1416 478 1498 543 qui
1522 477 1672 544 cingit
1694 477 1803 527 loca

228 566 491 616 beatorum
523 563 603 614 vel
638 564 749 630 ipsa
780 574 924 629 prata
957 561 1271 612 desiderata'’
1307 561 1383 610 cui
1418 560 1596 610 Rohde
1616 561 1652 622 ⁹)
1692 560 1802 610 asti-

229 648 427 715 pulatus
444 647 623 697 iudicat
659 649 870 710 στέφανον
913 645 1242 711 Proserpinae
1259 644 1401 710 regni
1424 644 1659 693 ambitum
1684 643 1803 706 (den

235 731 464 782 Umkreis
479 730 571 780 des
587 729 802 779 Reiches
818 729 909 779 der
924 728 1267 794 Persephone)
1284 726 1588 794 significare,
1608 743 1803 776 necnon

230 813 373 864 Diels
391 816 427 876 ⁸)
461 813 544 878 qui
578 813 704 862 hanc
736 829 915 861 vocem
951 811 1235 878 germanice
1267 810 1414 859 vertit
1453 809 1711 875 „Sphare”
1752 818 1804 858 et

231 913 325 947 nos
356 896 551 962 relegat
583 895 649 945 ad
682 895 1026 945 Parmenidem
1043 894 1126 959 qui
1142 910 1317 943 vocem
1344 897 1538 957 στεφάνη
1563 909 1627 942 eo
1652 909 1803 942 sensu

228 980 409 1046 posuit.
449 978 767 1028 Parmenides
806 978 938 1027 enim
973 975 1193 1042 στεφάνας
1228 976 1341 1026 εἶναι
1377 979 1802 1041 περιπεπλεγμένας,

229 1061 503 1126 ἐπαλλήλους
530 1061 608 1125 τὴν
636 1064 716 1121 μὲν
748 1064 796 1109 ἐκ
827 1065 906 1109 τοῦ
927 1060 1100 1124 ἀραιοῦ,
1123 1060 1202 1122 τήν
1225 1063 1274 1108 δὲ
1298 1062 1346 1108 ἐκ
1369 1065 1446 1108 τοῦ
1471 1063 1634 1108 πυκνοῦ
1657 1079 1695 1107 κ.
1709 1078 1749 1107 τ.
1763 1063 1803 1108 λ.

231 1145 396 1195 docuit
429 1154 494 1203 et,
523 1153 576 1193 ut
604 1143 859 1193 Ciceronis
884 1143 1050 1192 verbis
1078 1152 1203 1202 utar,
1225 1142 1649 1201 „commenticium
1666 1140 1803 1207 quid-

231 1228 349 1278 dam
377 1244 597 1277 coronae
624 1226 783 1276 simile
810 1226 963 1276 efficit
991 1228 1229 1290 (στεφάτην
1258 1225 1499 1290 appellat)
1517 1225 1803 1274 continente

232 1311 413 1361 ardore
452 1309 572 1359 lucis
612 1310 802 1368 orbem,
849 1309 933 1374 qui
968 1309 1117 1374 cingit
1150 1308 1361 1367 coelum,
1397 1325 1550 1373 quern
1584 1306 1804 1372 appellat

230 1394 427 1444 deum”.
441 1394 508 1442 Hi
524 1403 689 1443 autem
706 1403 810 1442 tres
827 1393 1124 1457 interpretes
1141 1392 1323 1441 iaciunt
1340 1392 1549 1441 verbum
1562 1393 1804 1451 ἐπιβαίνειν

232 1476 573 1542 metaphorice
606 1476 820 1541 positum
855 1492 982 1534 esse,
1017 1475 1156 1541 quod
1191 1474 1391 1524 minime
1425 1473 1682 1539 probabile
1710 1482 1802 1523 est.

232 1560 340 1610 Nos
390 1560 520 1610 enim
572 1576 672 1609 non
723 1559 846 1625 fugit
894 1558 992 1608 hoc
1040 1559 1250 1608 verbum
1302 1574 1655 1622 nonnunquam
1711 1573 1804 1622 per

232 1643 578 1709 metaphoram
613 1643 825 1708 positum
861 1658 975 1692 esse
993 1645 1047 1707 ⁴),
1081 1641 1175 1691 sed
1207 1651 1462 1707 praestare
1495 1641 1692 1690 videtur
1725 1639 1804 1689 hic

233 1726 300 1777 ad
332 1725 524 1777 literam
564 1726 790 1791 accipere
828 1725 879 1774 τό
909 1728 1167 1785 ἐπιβαίνειν.
1215 1725 1296 1774 An
1343 1725 1493 1774 etiam
1537 1723 1655 1773 illud
1699 1727 1805 1772 ποσὶ

233 1813 547 1874 καρπαλίμοισι
578 1826 671 1875 per
704 1808 1049 1873 metaphoram
1082 1807 1296 1873 positum
1330 1825 1444 1857 esse
1482 1807 1666 1857 credis?
1700 1805 1805 1856 Sed

234 1909 299 1943 ne
347 1891 526 1959 longus
574 1892 691 1942 sim:
750 1891 990 1941 Harrison
1037 1901 1173 1941 recte
1217 1891 1475 1941 adnotavit
1521 1890 1591 1950 „it
1634 1891 1675 1939 is
1720 1890 1806 1940 the

235 1975 464 2042 entering
495 1974 555 2025 of
580 1992 644 2025 an
677 1974 934 2025 enclosure
967 1974 1076 2024 that
1106 1974 1193 2024 the
1228 1982 1396 2041 ‘eager
1430 1973 1547 2024 feet'
1580 1991 1719 2023 seem
1751 1983 1806 2022 to

304 2154 334 2201 ¹)
360 2153 578 2204 Dieterich‚
619 2155 687 2195 Kl.
727 2155 841 2195 Schr.
881 2167 922 2206 p.
965 2165 1030 2205 95,
1072 2155 1230 2195 confert
1271 2155 1426 2206 Argon.
1462 2153 1589 2206 Orph.
1627 2166 1667 2194 ν.
1705 2163 1807 2204 771:

234 2221 356 2260 αὐτίκα
383 2221 416 2258 οἱ
441 2221 602 2271 στέφανος
628 2221 685 2258 καὶ
710 2225 825 2271 τεῖχος
852 2219 1142 2272 ἒρυμνόνΙΔὶητέω
1167 2220 1341 2270 κατέφαινι
1366 2220 1423 2257 καὶ
1448 2218 1557 2257 ἄλσεα
1585 2225 1625 2259 et
1643 2231 1683 2260 v.
1704 2219 1807 2271 895:

235 2285 328 2339 ὅμως
339 2314 348 2323 .
361 2313 374 2326 .
385 2315 396 2326 .
412 2284 500 2324 bn&
516 2286 594 2338 περὶ
609 2287 803 2336 στεφάνοισι
819 2286 1038 2337 κυκλουμένον
1056 2307 1111 2316 —-
1127 2285 1247 2328 πόλιος
1264 2287 1426 2336 στέφανος
1442 2286 1591 2325 Anacr.
1610 2285 1657 2325 fr.
1679 2294 1728 2334 72
1753 2305 1808 2314 —

234 2350 354 2392 Pind.
389 2350 454 2392 Ol.
492 2351 529 2401 8,
564 2364 615 2400 4²
652 2351 758 2390 Ἰλίου
791 2353 952 2402 στέφανος
985 2366 1040 2390 =
1071 2357 1186 2404 τεῖχος
1213 2373 1267 2382 -—·
1301 2350 1442 2403 Eurip.
1476 2352 1574 2391 Her.
1609 2350 1708 2402 839:
1747 2348 1808 2387 τὸν

235 2415 447 2455 καλλίπαιδα
473 2418 648 2468 στέφανον.

305 2480 338 2535 ¹)
363 2482 522 2533 Robde,
550 2482 705 2533 Psyche
730 2482 781 2531 11,
811 2482 918 2533 219¹.

304 2546 336 2599 ⁸)
374 2546 497 2598 Diels,
532 2546 746 2588 Philotoeia
780 2560 821 2599 p.
857 2559 922 2597 44.
956 2548 1090 2588 Locus
1123 2546 1373 2587 Parmenidis
1408 2545 1555 2598 iegitur
1582 2545 1704 2595 Diels,
1741 2545 1807 2587 rr.

238 2610 311 2652 der
332 2612 449 2653 von.
472 2613 522 2662 II,
548 2612 597 2652 18
618 2614 656 2652 A
677 2623 742 2665 37,
764 2611 973 2653 Ciceronis
993 2612 1105 2653 locus
1126 2619 1187 2653 est
1209 2613 1273 2652 De
1294 2613 1389 2653 Nat.
1413 2613 1594 2652 Deorum
1616 2612 1634 2650 I
1657 2623 1718 2660 ιε,
1736 2611 1787 2650 28
1794 2623 1807 2661 ;

239 2676 495 2729 Empedoclis
535 2677 588 2718 de
628 2677 746 2718 variis
787 2680 964 2729 στεφάναις
999 2677 1226 2718 doctrinam
1264 2678 1316 2718 D.
1353 2677 1578 2717 luculenter
1612 2675 1810 2729 disposuit

145 2759 158 2771 =
239 2739 266 2783 l.
292 2741 319 2783 1.
346 2755 387 2795 p.
416 2743 508 2783 261.

305 2807 339 2859 ⁴)
365 2807 616 2860 Comparetti
635 2809 792 2849 confert
811 2808 946 2860 Apoll.
962 2808 1095 2849 Rhod.
1111 2809 1211 2860 Arg.
1224 2808 1295 2858 IV,
1314 2820 1434 2860 1105:
1448 2808 1611 2860 τιρπολῆς
1625 2806 1810 2858 ὅπὲβημινς

239 2869 333 2912 vide
360 2873 544 2925 exempla
570 2885 677 2925 quae
705 2873 797 2913 Van
824 2874 1024 2913 Leeuwen
1053 2873 1106 2913 ad
1137 2872 1260 2913 Arist.
1294 2874 1401 2913 Ran.
1436 2885 1476 2913 v.
1515 2874 1593 2923 ⁶74
1628 2870 1788 2924 collegit
1797 2884 1810 2923 ς

241 2936 347 2977 adde
375 2938 542 2979 Homer.
570 2939 728 2990 Hymn.
755 2938 797 2978 in
825 2938 1028 2988 Cererem,
1057 2950 1094 2979 v,
1125 2951 1223 2978 211:
1251 2936 1344 2981 ὁσίης
1364 2937 1484 2989 lvi-ipa.

309 3001 339 3048 ⁸)
365 3001 577 3053 Harrison,
603 3002 708 3044 Prol.
735 3016 776 3055 p.
806 3013 895 3055 594.
