2176 3450
20 2152 27 2180 «a
16 2087 31 2101 ,Ἀ
3 1752 35 2063 :aroma-2725

0 1113 27 1206 nst&
0 1058 23 1094 j*
0 958 26 1047 Nm*
0 947 23 967 Α
0 797 27 937 ffigfflgfflffi
7 723 20 737 ·,
3 655 28 708 7²⁷⁹?
1 343 27 490 ,2⁴¹0,*3·'·„''.'“‘*2»·³
0 289 23 330 110
7 204 32 262 fug.
29 108 31 118 .„
26 81 34 93 k
32 59 35 65 v

963 378 1052 425 143

446 501 478 564 ἓ
522 516 560 549 1.
634 500 691 548 A.
744 500 822 549 De
854 499 980 549 bimis·
1012 498 1270 548 initiorum
1294 498 1553 562 gradibus.

286 601 427 649 Nunc
471 601 567 650 hoc
612 611 839 667 rogatum
883 600 1048 657 velim,
1097 617 1183 649 cur
1234 600 1427 658 mortui,
1479 615 1688 663 quorum
1739 598 1787 647 in

222 684 456 748 sepulcris
514 701 713 732 carmen
770 683 978 748 supplex
1034 683 1282 732 inventum
1341 693 1431 741 est,
1483 682 1529 731 in
1581 680 1789 745 Dionysi

222 768 356 816 dona
406 767 712 831 optatissima
762 784 818 816 se
869 784 967 815 non
1019 766 1367 831 proripuerint.
1420 765 1544 814 Cum
1596 774 1791 813 constet

223 850 302 898 his
341 867 541 915 quoque
575 850 639 899 ad
674 850 882 914 Dionysi
919 851 1103 913 Ἐρίφου
1138 850 1370 914 mysteria
1403 849 1586 897 aditum
1622 848 1790 897 datum

224 950 353 991 esse,
388 933 616 982 videntur
649 933 792 983 donis
826 933 999 981 divinis
1032 949 1202 982 carere
1230 943 1498 997 propterea
1527 932 1663 997 quod
1691 947 1790 980 non

223 1017 371 1080 ἔριφοι
404 1016 516 1065 facti
552 1028 678 1065 sunt.
715 1016 948 1081 Sequitur
981 1026 1035 1065 ut
1065 1021 1316 1079 μυστηρίων
1345 1020 1557 1074 μετουσία
1592 1014 1792 1080 quidem

226 1100 298 1149 eis
349 1100 589 1164 permissa
640 1100 717 1157 sit,
770 1100 860 1149 sed
911 1116 1009 1148 non
1055 1116 1147 1165 per
1191 1115 1366 1148 omnes
1410 1099 1590 1147 teletas
1635 1097 1792 1147 ierint.

227 1183 391 1247 Mysta
424 1183 505 1248 qui
541 1187 789 1238 Δεσποίνας
822 1182 910 1230 ὑπὸ
943 1181 1105 1231 κόλπον
1141 1183 1219 1230 ἔδυ
1247 1183 1293 1230 in
1316 1181 1571 1231 telesterio
1589 1181 1713 1230 deus
1730 1197 1794 1229 ex

228 1266 426 1314 homine
462 1266 633 1319 factus,
653 1275 744 1315 est.
776 1267 845 1314 At
871 1283 975 1324 eos,
1011 1282 1218 1330 quorum
1254 1266 1300 1314 in
1337 1265 1560 1314 manibus
1593 1281 1794 1313 carmen

228 1348 433 1414 supplex
490 1350 742 1398 inventum
799 1358 889 1407 est,
948 1366 1108 1414 neque
1169 1365 1405 1397 eoronam
1461 1348 1794 1397 desideratam

227 1443 567 1497 transgressos
619 1449 746 1489 esse,
799 1449 959 1496 neque
1009 1449 1039 1480 e
1089 1432 1383 1496 Proserpina
1435 1441 1637 1481 renatos
1682 1444 1796 1480 esse

229 1526 440 1580 apparet
467 1532 529 1564 ex
557 1515 729 1564 harum
754 1515 1165 1564 caerimoniarum
1191 1515 1460 1564 reticentia.
1495 1514 1635 1579 Ergo
1658 1513 1798 1563 lactis

229 1599 409 1647 uberes
452 1598 599 1656 rivos,
646 1598 825 1663 quibus
873 1598 1122 1663 Dionysus
1156 1615 1246 1647 eos
1280 1598 1433 1646 donat
1466 1614 1595 1662 quos
1631 1600 1800 1656 κατέχει

232 1699 330 1731 non
370 1693 707 1747 reppererunt.
751 1681 803 1732 Si
842 1682 957 1732 lieet
990 1681 1197 1731 verbum
1232 1698 1429 1731 sumere
1464 1698 1494 1730 e
1529 1690 1798 1745 mystarum

231 1764 587 1814 Eleusiniorum
620 1764 787 1830 lingua
821 1781 977 1822 sacra,
1011 1762 1330 1819 ἐποπτεύοντες
1362 1764 1411 1812 hi
1445 1775 1635 1812 tantum
1671 1774 1798 1823 sunt,

232 1849 315 1912 qui
348 1864 378 1897 e
411 1848 711 1913 Proserpina
744 1848 902 1898 renati
952 1847 1016 1896 ad
1066 1847 1143 1896 lac
1187 1865 1245 1897 se
1289 1848 1650 1913 proripuerunt.
1702 1847 1800 1896 Alii

232 1940 397 1980 autem
434 1948 532 1980 non
566 1928 773 1990 ἐπόπται,
809 1931 900 1980 sed
935 1931 1201 1996 neophytis
1236 1931 1493 1980 similiores
1526 1942 1655 1980 sunt.
1667 1934 1700 1995 ¹)
1736 1931 1801 1979 Hi

235 2014 472 2079 neophyti
522 2024 731 2062 mortem
785 2014 985 2079 quidem
1032 2015 1289 2079 mysticam
1333 2015 1539 2064 subiisse
1574 2015 1666 2063 sed
1702 2031 1800 2063 non

235 2114 326 2162 per
350 2098 778 2162 regenerationem
803 2098 868 2146 ad
891 2098 1148 2146 ἀποθέωσιν
1169 2099 1365 2147 venisse
1388 2099 1627 2147 videntur.
1659 2098 1802 2146 Hanc

235 2180 302 2229 ob
335 2197 533 2229 causam
567 2179 814 2245 supplices
848 2180 1191 2246 Proserpinam
1227 2182 1435 2231 adeunt:

472 2269 529 2320 ὣς
557 2286 607 2324 με
639 2273 835 2326 πρόφρων
867 2269 1015 2329 πέμψῃ
1046 2270 1172 2326 ἕδρας
1203 2274 1260 2322 εἷς
1291 2273 1553 2326 ebandum

236 2374 386 2429 atque
409 2381 439 2414 a
457 2364 579 2428 Jove
598 2364 812 2430 Fulgure
830 2366 1068 2430 abreptos
1097 2383 1153 2415 se
1177 2367 1345 2415 dicunt
1362 2368 1489 2417 hunc
1506 2369 1552 2417 in
1573 2370 1802 2420 modum:

408 2456 482 2504 εἶτ’
515 2462 584 2515 ἐμὲ
616 2462 748 2516 Μοῖρ’
782 2460 986 2517 ἐδάμασσε
1016 2463 1092 2505 οὐν
1123 2462 1372 2518 α’σῐεροπῆτι
1404 2468 1627 2519 Κεραυνῷ.

302 2542 400 2605 Qui
443 2560 618 2593 versus
662 2544 864 2594 omnino
909 2546 1181 2609 respondet
1225 2546 1287 2595 illi
1322 2564 1471 2612 quem
1506 2548 1551 2596 in
1590 2550 1805 2599 carmine

240 2626 448 2691 mystico
482 2627 718 2693 legimus:

387 2714 498 2758 ἀλλὰ
526 2733 577 2772 με
607 2719 739 2773 Μοῖρ’
773 2717 978 2773 ἐδάμασσε
1009 2721 1080 2763 καὶ
1111 2720 1375 2775 ἀστεροπῆτα
1406 2725 1655 2777 Κεραυνῶν.

306 2803 563 2855 Concludo
603 2806 755 2872 igitur
793 2818 979 2871 mystas
1013 2826 1221 2873 quorum
1257 2810 1302 2858 in
1337 2810 1573 2874 sepulcris
1607 2828 1806 2862 carmen

241 2887 449 2953 supplex
473 2889 725 2938 inventum
749 2902 827 2939 est
855 2901 1055 2957 „raptos
1084 2909 1114 2940 a
1145 2891 1304 2941 Moira
1332 2903 1383 2942 et
1405 2893 1529 2957 Jove
1559 2894 1807 2960 Fulgure”

311 3012 340 3058 ¹)
366 3013 431 3054 Cf.
457 3017 640 3064 νεομύσταιι
670 3017 724 3056 H.
753 3016 881 3068 Orph.
911 3030 974 3068 43,
1008 3030 1056 3057 10
1084 3025 1125 3057 et
1151 3020 1327 3069 νεοφὰνται
1355 3033 1435 3070 4‚9.
