2176 3450
1110 365 1173 424 84

300 483 303 485 >
362 503 474 558 Ζεύς
501 499 760 556 Καππώτας
784 500 892 548 κατα
917 504 1113 559 γλῶσσαν
1137 498 1214 561 τήν
1230 502 1412 560 Δωρίδα
1435 499 1483 561 1).
1505 497 1742 546 Doricum
1759 507 1923 547 autem

362 601 638 651 cognomen
658 582 920 632 Pausanias
938 598 1090 646 prave
1107 597 1216 629 curn
1231 581 1380 628 attico
1392 578 1673 643 καταπαύτης
1689 580 1922 640 confudit,

362 683 659 732 quamquam
695 665 829 713 vocis
863 663 1166 728 etymologia
1199 673 1276 711 sat
1309 663 1570 727 perspicua
1609 672 1706 722 est,
1736 663 1801 712 de
1825 680 1923 728 qua

359 750 506 798 Wide
541 750 666 797 hunc
701 748 748 796 in
783 747 982 795 modum
1018 746 1347 810 disputavit⁹):
1386 745 1546 804 „Zeus
1574 745 1835 810 Kappotas
1862 746 1923 795 ist

359 834 448 882 der
503 849 619 881 vom
670 829 884 878 Himmel
934 828 1184 894 gesallene
1232 828 1365 892 ἀργὸς
1401 831 1555 887 λίθος;
1597 826 1840 884 καππιότας
1877 849 1920 868 =

357 934 656 968 κατα-πωτ-ας
689 930 779 962 aus
813 913 901 960 der
935 911 1130 960 Wurzel
1166 931 1282 968 πει,
1308 931 1440 968 πωτ-,
1470 910 1567 976 vgl.
1600 910 1920 970 πωτ-α-ομαι.”

355 999 493 1063 Ergo
509 994 748 1050 καππώτας
767 1012 864 1043 non
882 1012 973 1059 pro
994 993 1227 1048 καππότας
1253 994 1407 1058 (quod
1424 995 1600 1058 Mayer
1617 995 1871 1044 contendit
1885 996 1919 1055 ⁸)

357 1081 436 1145 qui
481 1079 625 1128 vertit
666 1078 786 1136 „der
830 1077 1233 1143 Verschlinger”)
1268 1077 1448 1125 dictum
1485 1087 1577 1135 est,
1612 1077 1704 1126 sed
1738 1094 1919 1126 nomen

356 1164 460 1212 fere
494 1162 623 1211 idem
658 1161 902 1226 significat
941 1177 999 1209 ac
1044 1161 1329 1221 Καταιβάτης
1342 1160 1394 1222 ⁴),
1430 1177 1531 1226 quo
1573 1160 1795 1225 epitheto
1828 1160 1920 1209 ἀπὸ

351 1251 430 1294 τοῦ
475 1247 747 1303 καταβαίνειν
791 1247 984 1291 τουτέστι
1026 1245 1326 1302 καταπέμπειν
1366 1243 1469 1298 τούς
1510 1243 1745 1306 κεραυνούς
1769 1243 1917 1292 deum

353 1337 664 1377 ornaverunt.
685 1330 717 1390 ⁵)

416 1412 572 1460 Recte
601 1410 747 1475 igitur
779 1411 827 1458 in
863 1410 1053 1458 laminis
1087 1410 1194 1474 ipse
1228 1410 1351 1458 deus
1382 1408 1612 1473 Κεραυνὸς
1642 1410 1918 1459 nominatus

352 1505 441 1551 est,
472 1511 634 1557 neque
663 1493 821 1541 minus
839 1504 973 1542 recte
999 1493 1219 1557 epitheto
1238 1511 1285 1557 q.
1306 1509 1349 1541 e.
1380 1490 1627 1555 ἅστέροπής
1642 1494 1675 1557 ⁶)
1699 1502 1915 1542 ornatus.

349 1578 485 1625 Idem
530 1577 657 1625 enim
704 1577 827 1625 deus
875 1577 1142 1625 tonitruum
1190 1575 1542 1640 fulminumque
1592 1585 1772 1640 potens
1823 1587 1914 1626 est.

415 1780 444 1827 1)
471 1778 687 1818 Pausanias
715 1778 789 1828 ΙΙΙ,
819 1792 924 1826 22,1.

414 1845 443 1896 ⁹)
478 1844 606 1894 Wide,
649 1844 802 1884 Lakon.
845 1844 979 1893 Culte,
1021 1857 1061 1895 p.
1100 1857 1171 1893 ²13
1207 1843 1273 1883 cui
1308 1845 1467 1884 Usener
1502 1844 1745 1894 (Keraunos,
1784 1844 1810 1884 1.
1827 1844 1853 1884 l.
1871 1857 1913 1896 p.

350 1924 396 1950 12
426 1924 480 1947 =
507 1909 653 1948 Kleine
685 1909 900 1958 Schriften,
934 1922 974 1960 p.
1012 1910 1108 1959 481)
1142 1908 1392 1960 astipulatur,
1426 1908 1498 1960 qui
1529 1910 1686 1949 confert
1711 1910 1911 1962 στρέφειν-

348 1977 746 2028 στροφὴ-στρωφᾶσθαι
763 1976 933 2023 (Usener
955 1981 1092 2013 autem
1117 1973 1237 2013 Widii
1261 1987 1412 2014 nomen
1437 1973 1596 2014 silentio
1620 1973 1913 2026 praetermisit).

415 2041 445 2091 ³)
472 2042 624 2091 Mayer,
652 2039 693 2079 in
722 2039 918 2079 Roscheri
944 2039 1084 2089 lexico,
1113 2052 1199 2079 s.V.
1225 2040 1389 2079 Kronos
1417 2053 1458 2091 p.
1490 2050 1605 2090 1540.

410 2107 443 2155 4)
478 2106 544 2145 Cf.
579 2106 761 2144 Kabatas
799 2105 929 2153 (Zeus)
955 2119 1009 2142 =
1035 2105 1258 2156 Καταιβάτης
1286 2104 1474 2155 (Nilsson,
1502 2103 1761 2144 Griechische
1793 2105 1912 2145 Feste

342 2184 383 2222 p.
411 2181 488 2221 473
518 2178 558 2209 et
586 2170 732 2210 Rhein.
760 2171 952 2209 Museum
985 2171 1086 2221 1908
1114 2183 1155 2221 p.
1185 2183 1262 2222 313
1291 2171 1391 2222 seq.)

411 2237 440 2285 5)
467 2237 622 2275 Auctor
647 2236 781 2287 Etym.
809 2248 864 2275 m.
891 2248 983 2286 494,
1011 2248 1085 2285 413
1120 2237 1171 2275 cf.
1197 2236 1368 2275 Drexler
1395 2235 1437 2275 in
1464 2235 1659 2276 Roscheri
1684 2234 1813 2275 lexico
1839 2247 1910 2275 s.v.

340 2300 588 2350 Kataibates,
603 2301 641 2339 11
655 2314 693 2351 p.
714 2313 818 2339 1000
833 2313 916 2351 seq.
933 2301 1124 2340 Ceterum
1145 2301 1196 2341 cf.
1216 2300 1320 2340 Iovis
1341 2300 1606 2352 cognomina:
1628 2300 1910 2354 καραυνοβρόντης

338 2365 474 2428 (Arist.
505 2366 601 2414 Pax,
632 2366 739 2416 376),
767 2370 991 2417 κεραυνοῦχος
1018 2365 1133 2418 (Phil.
1160 2366 1271 2417 Sept.
1298 2365 1392 2406 Mir.
1421 2372 1471 2419 3),
1496 2367 1694 2418 βρονταιὸς,
1715 2367 1909 2418 &mpetu-nic

339 2431 512 2483 (Hymn.
542 2430 669 2481 Orph.
698 2431 791 2480 XV,
823 2432 867 2481 85
895 2431 976 2470 XX
997 2430 1040 2470 in
1062 2430 1354 2482 inscriptione),
1376 2432 1565 2484 ἀστράπιος
1585 2433 1758 2483 (Hymn.
1781 2430 1910 2483 Orph.

338 2496 431 2545 XX.
462 2496 512 2546 5)-

407 2561 437 2611 6)
474 2561 785 2610 Radermacher,
820 2561 894 2600 1.1.
930 2574 969 2611 p.
1006 2562 1218 2611 476—-477
1262 2561 1553 2602 demonstravit
1594 2574 1619 2601 a
1657 2560 1908 2601 substantivo

337 2630 484 2677 στεροπή
512 2626 594 2664 duo
621 2625 831 2675 adiecfiva,
861 2630 1053 2678 στεροπήεις
1082 2633 1123 2666 et
1150 2631 1314 2679 στεροπῆς
1334 2627 1503 2667 derivari
1521 2640 1651 2678 posse,
1674 2633 1715 2667 et
1736 2625 1908 2678 sumpsit

335 2696 515 2742 στεροπῆτι
528 2697 598 2730 aut
612 2690 788 2741 positum
805 2703 891 2730 esse
905 2704 978 2742 pro
993 2697 1194 2743 στεροπῆντι
1208 2693 1273 2739 (cf.
1282 2694 1534 2743 ἀστυνομοῦτος
1543 2705 1616 2744 pro
1623 2694 1906 2743 ἀστυνομοῦντος,

338 2757 471 2805 Σμίθιος
507 2768 580 2806 pro
617 2757 784 2806 Σμίνθιος,
812 2758 1011 2808 ἀτιγραφεύς
1038 2770 1111 2808 pro
1139 2759 1372 2810 ἀντιγραφαῖς,
1395 2759 1486 2806 etc.)
1514 2765 1596 2807 aut,
1625 2756 1728 2797 sicut
1754 2769 1905 2797 nomen

335 2820 541 2871 proprium
569 2821 692 2872 Ἄργης
719 2822 935 2872 respondet
963 2822 1119 2861 nomini
1150 2827 1329 2875 Στεροπής,
1355 2822 1413 2863 ita
1439 2822 1638 2862 adiectivo
1665 2835 1706 2874 q.
1721 2835 1758 2863 e.
1770 2823 1905 2874 ἀργήιις

335 2896 418 2923 non
464 2885 592 2925 solum
636 2885 880 2926 adiectivum
916 2891 1124 2939 στεροπήεις,
1167 2888 1239 2927 sed
1283 2888 1405 2928 etiam
1445 2889 1616 2928 alterum
1657 2887 1902 2928 adiectivum

334 2954 498 3001 στεροπῆς
533 2949 730 2990 adiectivo
763 2952 868 3003 ἀργὴς
904 2952 1032 3002 (-ἦτος)
1067 2953 1324 3004 respondere.
1358 2955 1407 2992 In
1441 2953 1591 2993 lamina
1623 2960 1760 2993 autem
1791 2952 1906 2993 litera

333 3029 374 3050 α-
407 3015 597 3065 praefixa,
631 3015 776 3067 legitur
804 3016 963 3057 dativus
982 3018 1187 3069 ἀπεροπῆτι
1209 3026 1250 3058 et
1277 3017 1452 3058 nominis
1473 3031 1515 3070 q.
1531 3031 1567 3059 e.
1591 3022 1756 3070 Στεροπὴς
1780 3018 1904 3058 altera
