<?xml version="1.0" encoding="UTF-8"?>
<!DOCTYPE html PUBLIC "-//W3C//DTD XHTML 1.0 Transitional//EN"
    "http://www.w3.org/TR/xhtml1/DTD/xhtml1-transitional.dtd">
<html xmlns="http://www.w3.org/1999/xhtml" xml:lang="en" lang="en">
 <head>
  <title>
</title>
<meta http-equiv="Content-Type" content="text/html;charset=utf-8" />
  <meta name='ocr-system' content='tesseract 3.04.00' />
  <meta name='ocr-capabilities' content='ocr_page ocr_carea ocr_par ocr_line ocrx_word'/>
</head>
<body>
  <div class='ocr_page' id='page_1' title='image "./detribuslaminisa00wietuoft_0030.png"; bbox 0 0 2176 3450; ppageno 0'>
   <div class='ocr_carea' id='block_1_1' title="bbox 1144 389 1206 422">
    <p class='ocr_par' dir='ltr' id='par_1_1' title="bbox 1144 389 1206 422">
     <span class='ocr_line' id='line_1_1' title="bbox 1144 389 1206 422; baseline 0 0"><span class='ocrx_word' id='word_1_1' title='bbox 1144 389 1206 422; x_wconf 89' lang='lat'>20</span> 
     </span>
    </p>
   </div>
   <div class='ocr_carea' id='block_1_2' title="bbox 380 510 1954 2817">
    <p class='ocr_par' dir='ltr' id='par_1_2' title="bbox 380 510 1954 2817">
     <span class='ocr_line' id='line_1_2' title="bbox 458 510 1954 575; baseline -0.001 -15"><span class='ocrx_word' id='word_1_2' title='bbox 458 513 704 560; x_wconf 87' lang='lat' dir='ltr'>Attentius</span> <span class='ocrx_word' id='word_1_3' title='bbox 734 511 998 560; x_wconf 87' lang='lat' dir='ltr'>videndum</span> <span class='ocrx_word' id='word_1_4' title='bbox 1023 522 1100 558; x_wconf 90' lang='lat' dir='ltr'>est</span> <span class='ocrx_word' id='word_1_5' title='bbox 1124 510 1241 575; x_wconf 90' lang='lat' dir='ltr'>quid</span> <span class='ocrx_word' id='word_1_6' title='bbox 1265 510 1361 558; x_wconf 94' lang='lat' dir='ltr'>hoc</span> <span class='ocrx_word' id='word_1_7' title='bbox 1384 510 1586 558; x_wconf 90' lang='lat' dir='ltr'>Maassii</span> <span class='ocrx_word' id='word_1_8' title='bbox 1611 521 1954 575; x_wconf 86' lang='lat' dir='ltr'>argumentum</span> 
     </span>
     <span class='ocr_line' id='line_1_3' title="bbox 389 593 1954 657; baseline -0.002 -13"><span class='ocrx_word' id='word_1_9' title='bbox 389 596 574 654; x_wconf 82' lang='lat' dir='ltr'>valeat3</span> <span class='ocrx_word' id='word_1_10' title='bbox 611 595 871 643; x_wconf 88' lang='lat' dir='ltr'>Herodoto</span> <span class='ocrx_word' id='word_1_11' title='bbox 902 594 1027 641; x_wconf 89' lang='lat' dir='ltr'>duce</span> <span class='ocrx_word' id='word_1_12' title='bbox 1057 610 1351 657; x_wconf 84' lang='lat' dir='ltr'>quaeremus</span> <span class='ocrx_word' id='word_1_13' title='bbox 1377 593 1493 656; x_wconf 91' lang='lat' dir='ltr'>quid</span> <span class='ocrx_word' id='word_1_14' title='bbox 1518 593 1679 641; x_wconf 86' lang='lat' dir='ltr'>Getae</span> <span class='ocrx_word' id='word_1_15' title='bbox 1710 593 1774 641; x_wconf 91' lang='lat' dir='ltr'>illi</span> <span class='ocrx_word' id='word_1_16' title='bbox 1803 593 1954 641; x_wconf 91' lang='lat' dir='ltr'>credi-</span> 
     </span>
     <span class='ocr_line' id='line_1_4' title="bbox 390 675 1953 740; baseline -0.001 -14"><span class='ocrx_word' id='word_1_17' title='bbox 390 679 560 727; x_wconf 86' lang='lat' dir='ltr'>derint.</span> <span class='ocrx_word' id='word_1_18' title='bbox 598 678 694 740; x_wconf 74' lang='lat' dir='ltr'>Qui</span> <span class='ocrx_word' id='word_1_19' title='bbox 723 677 778 725; x_wconf 93' lang='lat' dir='ltr'>L.</span> <span class='ocrx_word' id='word_1_20' title='bbox 809 677 875 724; x_wconf 89' lang='lat' dir='ltr'>1V</span> <span class='ocrx_word' id='word_1_21' title='bbox 905 694 944 724; x_wconf 94' lang='lat' dir='ltr'>c.</span> <span class='ocrx_word' id='word_1_22' title='bbox 975 691 1035 738; x_wconf 85' lang='lat'>95</span> <span class='ocrx_word' id='word_1_23' title='bbox 1067 676 1215 724; x_wconf 90' lang='lat' dir='ltr'>refert</span> <span class='ocrx_word' id='word_1_24' title='bbox 1245 676 1466 724; x_wconf 91' lang='lat' dir='ltr'>Graecos</span> <span class='ocrx_word' id='word_1_25' title='bbox 1497 675 1876 740; x_wconf 89' lang='lat' dir='ltr'>Hellespontum</span> <span class='ocrx_word' id='word_1_26' title='bbox 1903 686 1953 725; x_wconf 95' lang='lat' dir='ltr'>et</span> 
     </span>
     <span class='ocr_line' id='line_1_5' title="bbox 389 759 1953 825; baseline -0.001 -16"><span class='ocrx_word' id='word_1_27' title='bbox 389 762 597 809; x_wconf 90' lang='lat' dir='ltr'>Pontum</span> <span class='ocrx_word' id='word_1_28' title='bbox 622 760 891 808; x_wconf 88' lang='lat' dir='ltr'>incolentes</span> <span class='ocrx_word' id='word_1_29' title='bbox 918 760 1010 807; x_wconf 91' lang='lat' dir='ltr'>sibi</span> <span class='ocrx_word' id='word_1_30' title='bbox 1050 776 1291 816; x_wconf 82' lang='lat' dir='ltr'>narrasse,</span> <span class='ocrx_word' id='word_1_31' title='bbox 1330 759 1600 807; x_wconf 87' lang='lat' dir='ltr'>Zalmoxim</span> <span class='ocrx_word' id='word_1_32' title='bbox 1637 759 1953 825; x_wconf 82' lang='lat' dir='ltr'>Pythagorae</span> 
     </span>
     <span class='ocr_line' id='line_1_6' title="bbox 389 841 1952 910; baseline 0.001 -18"><span class='ocrx_word' id='word_1_33' title='bbox 389 844 641 910; x_wconf 88' lang='lat' dir='ltr'>quondam</span> <span class='ocrx_word' id='word_1_34' title='bbox 670 859 866 891; x_wconf 90' lang='lat' dir='ltr'>servum</span> <span class='ocrx_word' id='word_1_35' title='bbox 897 842 1060 899; x_wconf 87' lang='lat' dir='ltr'>fuisse,</span> <span class='ocrx_word' id='word_1_36' title='bbox 1091 842 1270 890; x_wconf 92' lang='lat' dir='ltr'>deinde</span> <span class='ocrx_word' id='word_1_37' title='bbox 1300 842 1365 890; x_wconf 88' lang='lat' dir='ltr'>ad</span> <span class='ocrx_word' id='word_1_38' title='bbox 1392 841 1615 890; x_wconf 90' lang='lat' dir='ltr'>Thraces</span> <span class='ocrx_word' id='word_1_39' title='bbox 1643 843 1862 901; x_wconf 81' lang='lat' dir='ltr'>rediisse,</span> <span class='ocrx_word' id='word_1_40' title='bbox 1895 844 1952 893; x_wconf 91' lang='lat' dir='ltr'>iis</span> 
     </span>
     <span class='ocr_line' id='line_1_7' title="bbox 389 925 1951 989; baseline 0 -14"><span class='ocrx_word' id='word_1_41' title='bbox 389 928 514 976; x_wconf 91' lang='lat' dir='ltr'>inter</span> <span class='ocrx_word' id='word_1_42' title='bbox 541 926 762 974; x_wconf 89' lang='lat' dir='ltr'>convivia</span> <span class='ocrx_word' id='word_1_43' title='bbox 789 935 1058 989; x_wconf 89' lang='lat' dir='ltr'>praecepta</span> <span class='ocrx_word' id='word_1_44' title='bbox 1082 925 1145 973; x_wconf 94' lang='lat' dir='ltr'>de</span> <span class='ocrx_word' id='word_1_45' title='bbox 1176 925 1321 973; x_wconf 90' lang='lat' dir='ltr'>animi</span> <span class='ocrx_word' id='word_1_46' title='bbox 1347 925 1712 974; x_wconf 88' lang='lat' dir='ltr'>immortalitate</span> <span class='ocrx_word' id='word_1_47' title='bbox 1737 926 1951 986; x_wconf 88' lang='lat' dir='ltr'>dedisse,</span> 
     </span>
     <span class='ocr_line' id='line_1_8' title="bbox 390 1008 1950 1066; baseline -0.001 -8"><span class='ocrx_word' id='word_1_48' title='bbox 390 1011 578 1058; x_wconf 90' lang='lat' dir='ltr'>interea</span> <span class='ocrx_word' id='word_1_49' title='bbox 612 1013 845 1061; x_wconf 77' lang='grc' dir='ltr'><em>κατάγαιον</em></span> <span class='ocrx_word' id='word_1_50' title='bbox 869 1009 1021 1064; x_wconf 73' lang='grc' dir='ltr'>οἴκημα</span> <span class='ocrx_word' id='word_1_51' title='bbox 1048 1008 1325 1056; x_wconf 87' lang='lat' dir='ltr'>faciendum</span> <span class='ocrx_word' id='word_1_52' title='bbox 1355 1025 1568 1066; x_wconf 86' lang='lat' dir='ltr'>curasse,</span> <span class='ocrx_word' id='word_1_53' title='bbox 1602 1008 1665 1056; x_wconf 91' lang='lat' dir='ltr'>ibi</span> <span class='ocrx_word' id='word_1_54' title='bbox 1696 1009 1950 1057; x_wconf 88' lang='lat' dir='ltr'>triennium</span> 
     </span>
     <span class='ocr_line' id='line_1_9' title="bbox 389 1091 1952 1157; baseline 0 -17"><span class='ocrx_word' id='word_1_55' title='bbox 389 1093 601 1157; x_wconf 77' lang='lat' dir='ltr'>degisse,</span> <span class='ocrx_word' id='word_1_56' title='bbox 638 1103 814 1155; x_wconf 90' lang='lat' dir='ltr'>quarto</span> <span class='ocrx_word' id='word_1_57' title='bbox 845 1109 973 1140; x_wconf 91' lang='lat' dir='ltr'>anno</span> <span class='ocrx_word' id='word_1_58' title='bbox 1005 1108 1171 1139; x_wconf 89' lang='lat' dir='ltr'>rursus</span> <span class='ocrx_word' id='word_1_59' title='bbox 1201 1091 1507 1155; x_wconf 81' lang='lat' dir='ltr'>apparuisse,</span> <span class='ocrx_word' id='word_1_60' title='bbox 1533 1091 1761 1140; x_wconf 85' lang='lat' dir='ltr'>simulato</span> <span class='ocrx_word' id='word_1_61' title='bbox 1786 1091 1881 1140; x_wconf 91' lang='lat' dir='ltr'>hoc</span> <span class='ocrx_word' id='word_1_62' title='bbox 1905 1093 1952 1140; x_wconf 88' lang='lat' dir='ltr'>in</span> 
     </span>
     <span class='ocr_line' id='line_1_10' title="bbox 388 1174 1951 1241; baseline 0 -17"><span class='ocrx_word' id='word_1_63' title='bbox 388 1177 536 1224; x_wconf 88' lang='lat' dir='ltr'>vitam</span> <span class='ocrx_word' id='word_1_64' title='bbox 559 1175 715 1223; x_wconf 90' lang='lat' dir='ltr'>reditu</span> <span class='ocrx_word' id='word_1_65' title='bbox 733 1175 911 1223; x_wconf 87' lang='lat' dir='ltr'>factum</span> <span class='ocrx_word' id='word_1_66' title='bbox 933 1192 1044 1223; x_wconf 91' lang='lat' dir='ltr'>esse</span> <span class='ocrx_word' id='word_1_67' title='bbox 1063 1186 1115 1222; x_wconf 90' lang='lat' dir='ltr'>ut</span> <span class='ocrx_word' id='word_1_68' title='bbox 1132 1174 1356 1222; x_wconf 89' lang='lat' dir='ltr'>homines</span> <span class='ocrx_word' id='word_1_69' title='bbox 1375 1175 1478 1222; x_wconf 89' lang='lat' dir='ltr'>eius</span> <span class='ocrx_word' id='word_1_70' title='bbox 1497 1175 1774 1238; x_wconf 87' lang='lat' dir='ltr'>praeceptis</span> <span class='ocrx_word' id='word_1_71' title='bbox 1794 1176 1951 1241; x_wconf 88' lang='lat' dir='ltr'>magis</span> 
     </span>
     <span class='ocr_line' id='line_1_11' title="bbox 388 1257 1954 1307; baseline 0 -1"><span class='ocrx_word' id='word_1_72' title='bbox 388 1259 536 1307; x_wconf 89' lang='lat' dir='ltr'>fidem</span> <span class='ocrx_word' id='word_1_73' title='bbox 571 1258 823 1306; x_wconf 88' lang='lat' dir='ltr'>haberent.</span> <span class='ocrx_word' id='word_1_74' title='bbox 862 1258 1002 1306; x_wconf 87' lang='lat' dir='ltr'>Haec</span> <span class='ocrx_word' id='word_1_75' title='bbox 1038 1257 1141 1306; x_wconf 88' lang='lat' dir='ltr'>fere</span> <span class='ocrx_word' id='word_1_76' title='bbox 1179 1258 1358 1305; x_wconf 90' lang='lat' dir='ltr'>Graeci</span> <span class='ocrx_word' id='word_1_77' title='bbox 1393 1257 1455 1304; x_wconf 92' lang='lat' dir='ltr'>illi</span> <span class='ocrx_word' id='word_1_78' title='bbox 1494 1258 1754 1306; x_wconf 89' lang='lat' dir='ltr'>Herodoto</span> <span class='ocrx_word' id='word_1_79' title='bbox 1796 1275 1954 1307; x_wconf 89' lang='lat' dir='ltr'>narra-</span> 
     </span>
     <span class='ocr_line' id='line_1_12' title="bbox 388 1340 1950 1405; baseline -0.001 -15"><span class='ocrx_word' id='word_1_80' title='bbox 388 1352 576 1399; x_wconf 88' lang='lat' dir='ltr'>verant,</span> <span class='ocrx_word' id='word_1_81' title='bbox 592 1344 625 1405; x_wconf 77' lang='grc'>1)</span> <span class='ocrx_word' id='word_1_82' title='bbox 673 1358 802 1405; x_wconf 86' lang='lat' dir='ltr'>quae</span> <span class='ocrx_word' id='word_1_83' title='bbox 838 1341 945 1404; x_wconf 90' lang='lat' dir='ltr'>ipse</span> <span class='ocrx_word' id='word_1_84' title='bbox 981 1341 1238 1389; x_wconf 89' lang='lat' dir='ltr'>historicus</span> <span class='ocrx_word' id='word_1_85' title='bbox 1274 1357 1369 1389; x_wconf 90' lang='lat' dir='ltr'>non</span> <span class='ocrx_word' id='word_1_86' title='bbox 1406 1340 1638 1399; x_wconf 81' lang='lat' dir='ltr'>credidit3</span> <span class='ocrx_word' id='word_1_87' title='bbox 1681 1340 1950 1390; x_wconf 87' lang='lat' dir='ltr'>Zalmoxim</span> 
     </span>
     <span class='ocr_line' id='line_1_13' title="bbox 388 1424 1950 1488; baseline -0.001 -15"><span class='ocrx_word' id='word_1_88' title='bbox 388 1426 518 1473; x_wconf 90' lang='lat' dir='ltr'>enim</span> <span class='ocrx_word' id='word_1_89' title='bbox 559 1425 721 1472; x_wconf 87' lang='lat' dir='ltr'>multis</span> <span class='ocrx_word' id='word_1_90' title='bbox 762 1425 902 1472; x_wconf 89' lang='lat' dir='ltr'>annis</span> <span class='ocrx_word' id='word_1_91' title='bbox 945 1434 1060 1472; x_wconf 89' lang='lat' dir='ltr'>ante</span> <span class='ocrx_word' id='word_1_92' title='bbox 1105 1424 1443 1488; x_wconf 86' lang='lat' dir='ltr'>Pythagoram</span> <span class='ocrx_word' id='word_1_93' title='bbox 1485 1424 1663 1471; x_wconf 87' lang='lat' dir='ltr'>vixisse</span> <span class='ocrx_word' id='word_1_94' title='bbox 1709 1424 1950 1488; x_wconf 90' lang='lat' dir='ltr'>opinatur.</span> 
     </span>
     <span class='ocr_line' id='line_1_14' title="bbox 388 1507 1950 1557; baseline -0.001 0"><span class='ocrx_word' id='word_1_95' title='bbox 388 1509 693 1557; x_wconf 87' lang='lat' dir='ltr'>Graecorum</span> <span class='ocrx_word' id='word_1_96' title='bbox 713 1518 877 1555; x_wconf 90' lang='lat' dir='ltr'>autem</span> <span class='ocrx_word' id='word_1_97' title='bbox 892 1508 956 1555; x_wconf 93' lang='lat' dir='ltr'>de</span> <span class='ocrx_word' id='word_1_98' title='bbox 970 1507 1188 1555; x_wconf 88' lang='lat' dir='ltr'>Zalmoxi</span> <span class='ocrx_word' id='word_1_99' title='bbox 1207 1507 1425 1555; x_wconf 87' lang='lat' dir='ltr'>redivivo</span> <span class='ocrx_word' id='word_1_100' title='bbox 1446 1507 1660 1554; x_wconf 90' lang='lat' dir='ltr'>narratio</span> <span class='ocrx_word' id='word_1_101' title='bbox 1674 1508 1719 1554; x_wconf 92' lang='lat' dir='ltr'>in</span> <span class='ocrx_word' id='word_1_102' title='bbox 1735 1518 1950 1555; x_wconf 89' lang='lat' dir='ltr'>mentem</span> 
     </span>
     <span class='ocr_line' id='line_1_15' title="bbox 388 1590 1951 1655; baseline -0.001 -16"><span class='ocrx_word' id='word_1_103' title='bbox 388 1591 588 1655; x_wconf 90' lang='lat' dir='ltr'>quidem</span> <span class='ocrx_word' id='word_1_104' title='bbox 623 1600 825 1638; x_wconf 89' lang='lat' dir='ltr'>revocat</span> <span class='ocrx_word' id='word_1_105' title='bbox 860 1590 1050 1653; x_wconf 88' lang='lat' dir='ltr'>Orphei</span> <span class='ocrx_word' id='word_1_106' title='bbox 1087 1590 1151 1638; x_wconf 93' lang='lat' dir='ltr'>ad</span> <span class='ocrx_word' id='word_1_107' title='bbox 1188 1590 1383 1638; x_wconf 87' lang='lat' dir='ltr'>Hadem</span> <span class='ocrx_word' id='word_1_108' title='bbox 1420 1592 1672 1646; x_wconf 80' lang='grc' dir='ltr'>κατάβασιν,</span> <span class='ocrx_word' id='word_1_109' title='bbox 1705 1590 1796 1638; x_wconf 88' lang='lat' dir='ltr'>sed</span> <span class='ocrx_word' id='word_1_110' title='bbox 1832 1590 1951 1653; x_wconf 90' lang='lat' dir='ltr'>quid</span> 
     </span>
     <span class='ocr_line' id='line_1_16' title="bbox 387 1673 1952 1737; baseline -0.001 -15"><span class='ocrx_word' id='word_1_111' title='bbox 387 1674 523 1722; x_wconf 91' lang='lat' dir='ltr'>hisce</span> <span class='ocrx_word' id='word_1_112' title='bbox 542 1673 831 1722; x_wconf 89' lang='lat' dir='ltr'>commentis</span> <span class='ocrx_word' id='word_1_113' title='bbox 850 1690 960 1720; x_wconf 92' lang='lat' dir='ltr'>cum</span> <span class='ocrx_word' id='word_1_114' title='bbox 979 1674 1197 1737; x_wconf 88' lang='lat' dir='ltr'>ipsorum</span> <span class='ocrx_word' id='word_1_115' title='bbox 1212 1673 1449 1720; x_wconf 89' lang='lat' dir='ltr'>Getarum</span> <span class='ocrx_word' id='word_1_116' title='bbox 1469 1673 1598 1720; x_wconf 90' lang='lat' dir='ltr'>cultu</span> <span class='ocrx_word' id='word_1_117' title='bbox 1617 1682 1767 1736; x_wconf 90' lang='lat' dir='ltr'>atque</span> <span class='ocrx_word' id='word_1_118' title='bbox 1786 1673 1952 1721; x_wconf 88' lang='lat' dir='ltr'>ritibus</span> 
     </span>
     <span class='ocr_line' id='line_1_17' title="bbox 387 1755 1951 1820; baseline -0.001 -15"><span class='ocrx_word' id='word_1_119' title='bbox 387 1761 646 1805; x_wconf 79' lang='lat' dir='ltr'>cOmmune</span> <span class='ocrx_word' id='word_1_120' title='bbox 681 1757 754 1811; x_wconf 79' lang='lat' dir='ltr'>sit,</span> <span class='ocrx_word' id='word_1_121' title='bbox 793 1756 1021 1820; x_wconf 92' lang='lat' dir='ltr'>equidem</span> <span class='ocrx_word' id='word_1_122' title='bbox 1058 1773 1154 1804; x_wconf 91' lang='lat' dir='ltr'>non</span> <span class='ocrx_word' id='word_1_123' title='bbox 1190 1755 1436 1820; x_wconf 87' lang='lat' dir='ltr'>intellego.</span> <span class='ocrx_word' id='word_1_124' title='bbox 1480 1756 1619 1818; x_wconf 76' lang='lat' dir='ltr'>Quos</span> <span class='ocrx_word' id='word_1_125' title='bbox 1663 1755 1951 1804; x_wconf 88' lang='lat' dir='ltr'>Herodotus</span> 
     </span>
     <span class='ocr_line' id='line_1_18' title="bbox 386 1838 1950 1902; baseline -0.003 -14"><span class='ocrx_word' id='word_1_126' title='bbox 386 1840 443 1888; x_wconf 92' lang='lat' dir='ltr'>L.</span> <span class='ocrx_word' id='word_1_127' title='bbox 458 1840 523 1887; x_wconf 89' lang='lat' dir='ltr'>IV</span> <span class='ocrx_word' id='word_1_128' title='bbox 537 1856 577 1887; x_wconf 84' lang='lat' dir='ltr'>c.</span> <span class='ocrx_word' id='word_1_129' title='bbox 593 1855 657 1899; x_wconf 89' lang='lat'>94</span> <span class='ocrx_word' id='word_1_130' title='bbox 674 1838 800 1887; x_wconf 90' lang='lat' dir='ltr'>hunc</span> <span class='ocrx_word' id='word_1_131' title='bbox 819 1840 864 1886; x_wconf 91' lang='lat' dir='ltr'>in</span> <span class='ocrx_word' id='word_1_132' title='bbox 883 1839 1082 1887; x_wconf 89' lang='lat' dir='ltr'>modum</span> <span class='ocrx_word' id='word_1_133' title='bbox 1101 1839 1377 1902; x_wconf 88' lang='lat' dir='ltr'>descripsit:</span> <span class='ocrx_word' id='word_1_134' title='bbox 1398 1841 1452 1895; x_wconf 86' lang='grc' dir='ltr'>(οἱ</span> <span class='ocrx_word' id='word_1_135' title='bbox 1469 1840 1623 1896; x_wconf 82' lang='grc' dir='ltr'>Γέται)</span> <span class='ocrx_word' id='word_1_136' title='bbox 1639 1839 1950 1889; x_wconf 73' lang='grc' dir='ltr'>ἀθανατίζουσι</span> 
     </span>
     <span class='ocr_line' id='line_1_19' title="bbox 387 1922 1950 1977; baseline -0.001 -11"><span class='ocrx_word' id='word_1_137' title='bbox 387 1923 433 1966; x_wconf 78' lang='grc' dir='ltr'>δὲ</span> <span class='ocrx_word' id='word_1_138' title='bbox 465 1922 586 1966; x_wconf 84' lang='grc' dir='ltr'>τόνδε</span> <span class='ocrx_word' id='word_1_139' title='bbox 617 1924 691 1965; x_wconf 84' lang='grc' dir='ltr'>τὸν</span> <span class='ocrx_word' id='word_1_140' title='bbox 723 1924 890 1977; x_wconf 81' lang='grc' dir='ltr'>τρόπον’</span> <span class='ocrx_word' id='word_1_141' title='bbox 922 1924 1016 1964; x_wconf 77' lang='grc' dir='ltr'>οὔτε</span> <span class='ocrx_word' id='word_1_142' title='bbox 1048 1922 1335 1975; x_wconf 69' lang='grc' dir='ltr'>ἀποθνήσκειν</span> <span class='ocrx_word' id='word_1_143' title='bbox 1373 1925 1547 1973; x_wconf 78' lang='grc' dir='ltr'>ἑαυτούς</span> <span class='ocrx_word' id='word_1_144' title='bbox 1586 1923 1799 1976; x_wconf 84' lang='grc' dir='ltr'>νομίζουσι</span> <span class='ocrx_word' id='word_1_145' title='bbox 1840 1922 1950 1966; x_wconf 79' lang='grc' dir='ltr'>ι’ἑναι</span> 
     </span>
     <span class='ocr_line' id='line_1_20' title="bbox 385 2005 1950 2060; baseline -0.001 -9"><span class='ocrx_word' id='word_1_146' title='bbox 385 2025 428 2051; x_wconf 88' lang='grc' dir='ltr'>τε</span> <span class='ocrx_word' id='word_1_147' title='bbox 447 2009 520 2050; x_wconf 88' lang='grc' dir='ltr'>τὸν</span> <span class='ocrx_word' id='word_1_148' title='bbox 551 2005 842 2060; x_wconf 69' lang='grc' dir='ltr'>ἀπολλύμενον</span> <span class='ocrx_word' id='word_1_149' title='bbox 874 2009 989 2060; x_wconf 83' lang='grc' dir='ltr'>παρὰ</span> <span class='ocrx_word' id='word_1_150' title='bbox 1018 2005 1230 2060; x_wconf 77' lang='grc' dir='ltr'><strong><em>Ζάλμοξιν</em></strong></span> <span class='ocrx_word' id='word_1_151' title='bbox 1265 2005 1462 2060; x_wconf 85' lang='grc' dir='ltr'>δαίμονα.</span> <span class='ocrx_word' id='word_1_152' title='bbox 1493 2008 1534 2049; x_wconf 81' lang='grc' dir='ltr'>οἱ</span> <span class='ocrx_word' id='word_1_153' title='bbox 1565 2006 1610 2049; x_wconf 76' lang='grc' dir='ltr'>δὲ</span> <span class='ocrx_word' id='word_1_154' title='bbox 1631 2006 1774 2050; x_wconf 80' lang='grc' dir='ltr'>αὐτῶν</span> <span class='ocrx_word' id='word_1_155' title='bbox 1800 2011 1950 2050; x_wconf 76' lang='grc' dir='ltr'>τοῦτον</span> 
     </span>
     <span class='ocr_line' id='line_1_21' title="bbox 384 2088 1950 2147; baseline -0.001 -12"><span class='ocrx_word' id='word_1_156' title='bbox 384 2091 633 2146; x_wconf 82' lang='grc' dir='ltr'>ὀνομάζουσι</span> <span class='ocrx_word' id='word_1_157' title='bbox 664 2088 928 2146; x_wconf 81' lang='grc' dir='ltr'>Γεβελέϊζιν.</span> <span class='ocrx_word' id='word_1_158' title='bbox 962 2090 1032 2132; x_wconf 81' lang='grc' dir='ltr'>διὰ</span> <span class='ocrx_word' id='word_1_159' title='bbox 1063 2089 1357 2145; x_wconf 71' lang='grc' dir='ltr'>πεντετηρίδος</span> <span class='ocrx_word' id='word_1_160' title='bbox 1389 2089 1433 2132; x_wconf 81' lang='grc' dir='ltr'>δὲ</span> <span class='ocrx_word' id='word_1_161' title='bbox 1481 2093 1555 2133; x_wconf 88' lang='grc' dir='ltr'>τὸν</span> <span class='ocrx_word' id='word_1_162' title='bbox 1601 2089 1724 2146; x_wconf 77' lang='grc' dir='ltr'>πάλῳ</span> <span class='ocrx_word' id='word_1_163' title='bbox 1762 2089 1950 2147; x_wconf 75' lang='grc' dir='ltr'>λαχόντα</span> 
     </span>
     <span class='ocr_line' id='line_1_22' title="bbox 385 2173 1949 2230; baseline -0.001 -11"><span class='ocrx_word' id='word_1_164' title='bbox 385 2178 467 2219; x_wconf 84' lang='grc' dir='ltr'>αιέὶ</span> <span class='ocrx_word' id='word_1_165' title='bbox 506 2175 642 2228; x_wconf 80' lang='grc' dir='ltr'>σφέων</span> <span class='ocrx_word' id='word_1_166' title='bbox 691 2173 832 2217; x_wconf 84' lang='grc' dir='ltr'>αὐτῶν</span> <span class='ocrx_word' id='word_1_167' title='bbox 881 2174 1174 2228; x_wconf 70' lang='grc' dir='ltr'>ἀποπέμπουσι</span> <span class='ocrx_word' id='word_1_168' title='bbox 1213 2173 1397 2227; x_wconf 77' lang='grc' dir='ltr'>ἄγγελον</span> <span class='ocrx_word' id='word_1_169' title='bbox 1439 2176 1554 2230; x_wconf 78' lang='grc' dir='ltr'>παρὰ</span> <span class='ocrx_word' id='word_1_170' title='bbox 1599 2176 1672 2218; x_wconf 69' lang='grc' dir='ltr'>τόν</span> <span class='ocrx_word' id='word_1_171' title='bbox 1717 2175 1949 2229; x_wconf 75' lang='grc' dir='ltr'>Ζάλμοξιν,</span> 
     </span>
     <span class='ocr_line' id='line_1_23' title="bbox 385 2250 1951 2315; baseline -0.002 -13"><span class='ocrx_word' id='word_1_172' title='bbox 385 2259 673 2314; x_wconf 74' lang='grc' dir='ltr'>ἐντελλόμενοι</span> <span class='ocrx_word' id='word_1_173' title='bbox 726 2263 811 2302; x_wconf 86' lang='grc' dir='ltr'>τῶν</span> <span class='ocrx_word' id='word_1_174' title='bbox 855 2261 911 2302; x_wconf 82' lang='grc' dir='ltr'>ἂν</span> <span class='ocrx_word' id='word_1_175' title='bbox 959 2261 1155 2300; x_wconf 75' lang='grc' dir='ltr'>ἑκαστότε</span> <span class='ocrx_word' id='word_1_176' title='bbox 1203 2257 1395 2301; x_wconf 62' lang='grc' dir='ltr'>δέονταί</span> <span class='ocrx_word' id='word_1_177' title='bbox 1438 2258 1648 2312; x_wconf 80' lang='grc' dir='ltr'>πέμπουσι</span> <span class='ocrx_word' id='word_1_178' title='bbox 1690 2257 1735 2300; x_wconf 83' lang='grc' dir='ltr'>δὲ</span> <span class='ocrx_word' id='word_1_179' title='bbox 1777 2250 1872 2315; x_wconf 79' lang='grc' dir='ltr'>ᾦδε·</span> <span class='ocrx_word' id='word_1_180' title='bbox 1910 2260 1951 2300; x_wconf 79' lang='grc' dir='ltr'>οἱ</span> 
     </span>
     <span class='ocr_line' id='line_1_24' title="bbox 382 2341 1949 2400; baseline -0.001 -14"><span class='ocrx_word' id='word_1_181' title='bbox 382 2345 460 2398; x_wconf 82' lang='grc' dir='ltr'>μὲν</span> <span class='ocrx_word' id='word_1_182' title='bbox 492 2344 634 2387; x_wconf 78' lang='grc' dir='ltr'>αὐτῶν</span> <span class='ocrx_word' id='word_1_183' title='bbox 665 2342 896 2400; x_wconf 72' lang='grc' dir='ltr'>ταχθέντες</span> <span class='ocrx_word' id='word_1_184' title='bbox 927 2343 1107 2385; x_wconf 84' lang='grc' dir='ltr'>α’κόντια</span> <span class='ocrx_word' id='word_1_185' title='bbox 1140 2343 1235 2396; x_wconf 79' lang='grc' dir='ltr'>τρία</span> <span class='ocrx_word' id='word_1_186' title='bbox 1266 2342 1420 2398; x_wconf 73' lang='grc' dir='ltr'>ἔχουσι,</span> <span class='ocrx_word' id='word_1_187' title='bbox 1448 2341 1573 2384; x_wconf 80' lang='grc' dir='ltr'>ἄλλοι</span> <span class='ocrx_word' id='word_1_188' title='bbox 1598 2341 1642 2384; x_wconf 82' lang='grc' dir='ltr'>δὲ</span> <span class='ocrx_word' id='word_1_189' title='bbox 1669 2341 1949 2400; x_wconf 67' lang='grc' dir='ltr'>διαλαβόντες</span> 
     </span>
     <span class='ocr_line' id='line_1_25' title="bbox 383 2425 1947 2483; baseline -0.001 -14"><span class='ocrx_word' id='word_1_190' title='bbox 383 2434 455 2470; x_wconf 83' lang='grc' dir='ltr'>τοῦ</span> <span class='ocrx_word' id='word_1_191' title='bbox 470 2427 826 2482; x_wconf 73' lang='grc' dir='ltr'>ἀποπεμπομένου</span> <span class='ocrx_word' id='word_1_192' title='bbox 848 2427 963 2480; x_wconf 81' lang='grc' dir='ltr'>παρὰ</span> <span class='ocrx_word' id='word_1_193' title='bbox 987 2429 1059 2469; x_wconf 89' lang='grc' dir='ltr'>τόν</span> <span class='ocrx_word' id='word_1_194' title='bbox 1081 2425 1298 2480; x_wconf 85' lang='grc' dir='ltr'>Ζάλμοξιν</span> <span class='ocrx_word' id='word_1_195' title='bbox 1322 2427 1396 2476; x_wconf 83' lang='grc' dir='ltr'>τὰς</span> <span class='ocrx_word' id='word_1_196' title='bbox 1421 2431 1558 2483; x_wconf 80' lang='grc' dir='ltr'>χεῖρας</span> <span class='ocrx_word' id='word_1_197' title='bbox 1581 2428 1652 2468; x_wconf 79' lang='grc' dir='ltr'>καὶ</span> <span class='ocrx_word' id='word_1_198' title='bbox 1676 2428 1771 2476; x_wconf 77' lang='grc' dir='ltr'>τούς</span> <span class='ocrx_word' id='word_1_199' title='bbox 1799 2425 1947 2479; x_wconf 82' lang='grc' dir='ltr'>πόδας,</span> 
     </span>
     <span class='ocr_line' id='line_1_26' title="bbox 382 2508 1948 2566; baseline 0 -13"><span class='ocrx_word' id='word_1_200' title='bbox 382 2511 715 2565; x_wconf 72' lang='grc' dir='ltr'>ἀνακινήσαντες</span> <span class='ocrx_word' id='word_1_201' title='bbox 746 2512 876 2554; x_wconf 81' lang='grc' dir='ltr'>αὐτὸν</span> <span class='ocrx_word' id='word_1_202' title='bbox 906 2509 1112 2564; x_wconf 82' lang='grc' dir='ltr'>μετέωρον</span> <span class='ocrx_word' id='word_1_203' title='bbox 1144 2509 1358 2564; x_wconf 78' lang='grc' dir='ltr'>ῥιπτέουσι</span> <span class='ocrx_word' id='word_1_204' title='bbox 1390 2512 1431 2559; x_wconf 81' lang='grc' dir='ltr'>ἐς</span> <span class='ocrx_word' id='word_1_205' title='bbox 1462 2513 1538 2560; x_wconf 83' lang='grc' dir='ltr'>τὰς</span> <span class='ocrx_word' id='word_1_206' title='bbox 1569 2508 1739 2566; x_wconf 78' lang='grc' dir='ltr'>λόγχας.</span> <span class='ocrx_word' id='word_1_207' title='bbox 1778 2513 1832 2565; x_wconf 74' lang='grc' dir='ltr'>ἤν</span> <span class='ocrx_word' id='word_1_208' title='bbox 1868 2511 1948 2564; x_wconf 77' lang='grc' dir='ltr'>μὲν</span> 
     </span>
     <span class='ocr_line' id='line_1_27' title="bbox 383 2590 1947 2652; baseline -0.001 -15"><span class='ocrx_word' id='word_1_209' title='bbox 383 2594 434 2649; x_wconf 82' lang='grc' dir='ltr'>δὴ</span> <span class='ocrx_word' id='word_1_210' title='bbox 465 2595 666 2652; x_wconf 76' lang='grc' dir='ltr'>ἀποθάνῃ</span> <span class='ocrx_word' id='word_1_211' title='bbox 697 2595 947 2650; x_wconf 72' lang='grc' dir='ltr'>ἀναπαρείς,</span> <span class='ocrx_word' id='word_1_212' title='bbox 978 2599 1083 2636; x_wconf 82' lang='grc' dir='ltr'>τοῖσι</span> <span class='ocrx_word' id='word_1_213' title='bbox 1115 2594 1160 2636; x_wconf 83' lang='grc' dir='ltr'>δὲ</span> <span class='ocrx_word' id='word_1_214' title='bbox 1192 2593 1303 2644; x_wconf 77' lang='grc' dir='ltr'>ἵλεος</span> <span class='ocrx_word' id='word_1_215' title='bbox 1333 2597 1355 2637; x_wconf 84' lang='grc' dir='ltr'>ό</span> <span class='ocrx_word' id='word_1_216' title='bbox 1380 2596 1478 2644; x_wconf 81' lang='grc' dir='ltr'>θεὸς</span> <span class='ocrx_word' id='word_1_217' title='bbox 1509 2593 1645 2636; x_wconf 77' lang='grc' dir='ltr'>δοκέει</span> <span class='ocrx_word' id='word_1_218' title='bbox 1676 2590 1796 2636; x_wconf 78' lang='grc' dir='ltr'>εἶναι’</span> <span class='ocrx_word' id='word_1_219' title='bbox 1827 2598 1880 2649; x_wconf 83' lang='grc' dir='ltr'>ἤν</span> <span class='ocrx_word' id='word_1_220' title='bbox 1901 2593 1947 2636; x_wconf 79' lang='grc' dir='ltr'>δὲ</span> 
     </span>
     <span class='ocr_line' id='line_1_28' title="bbox 380 2676 1948 2735; baseline 0 -15"><span class='ocrx_word' id='word_1_221' title='bbox 380 2681 435 2734; x_wconf 85' lang='grc' dir='ltr'>μὴ</span> <span class='ocrx_word' id='word_1_222' title='bbox 467 2679 684 2735; x_wconf 71' lang='grc' dir='ltr'>ἀποθάνῃ,</span> <span class='ocrx_word' id='word_1_223' title='bbox 716 2681 939 2722; x_wconf 81' lang='grc' dir='ltr'>αι’τιῶνται</span> <span class='ocrx_word' id='word_1_224' title='bbox 972 2679 1102 2721; x_wconf 83' lang='grc' dir='ltr'>αὐτὸν</span> <span class='ocrx_word' id='word_1_225' title='bbox 1134 2679 1206 2720; x_wconf 90' lang='grc' dir='ltr'>τὸν</span> <span class='ocrx_word' id='word_1_226' title='bbox 1237 2677 1438 2731; x_wconf 77' lang='grc' dir='ltr'>ἄγγελον,</span> <span class='ocrx_word' id='word_1_227' title='bbox 1480 2679 1659 2732; x_wconf 83' lang='grc' dir='ltr'>φάμενοί</span> <span class='ocrx_word' id='word_1_228' title='bbox 1694 2695 1768 2732; x_wconf 86' lang='grc' dir='ltr'>μιν</span> <span class='ocrx_word' id='word_1_229' title='bbox 1807 2676 1948 2732; x_wconf 80' lang='grc' dir='ltr'>ἄνδρα</span> 
     </span>
     <span class='ocr_line' id='line_1_29' title="bbox 383 2759 1946 2817; baseline -0.001 -12"><span class='ocrx_word' id='word_1_230' title='bbox 383 2764 514 2806; x_wconf 78' lang='grc' dir='ltr'>κακὸν</span> <span class='ocrx_word' id='word_1_231' title='bbox 532 2759 655 2815; x_wconf 77' lang='grc' dir='ltr'>εἶναι,</span> <span class='ocrx_word' id='word_1_232' title='bbox 672 2765 958 2817; x_wconf 82' lang='grc' dir='ltr'>αἰτιησάμενοι</span> <span class='ocrx_word' id='word_1_233' title='bbox 977 2761 1021 2804; x_wconf 83' lang='grc' dir='ltr'>δὲ</span> <span class='ocrx_word' id='word_1_234' title='bbox 1039 2768 1187 2806; x_wconf 82' lang='grc' dir='ltr'>τοῦτον</span> <span class='ocrx_word' id='word_1_235' title='bbox 1203 2760 1337 2804; x_wconf 81' lang='grc' dir='ltr'>ἄλλον</span> <span class='ocrx_word' id='word_1_236' title='bbox 1355 2761 1661 2816; x_wconf 77' lang='grc' dir='ltr'>οἷποπέμπουσι”</span> <span class='ocrx_word' id='word_1_237' title='bbox 1675 2760 1946 2805; x_wconf 80' lang='grc' dir='ltr'>ἐντέλλονται</span> 
     </span>
    </p>
   </div>
   <div class='ocr_carea' id='block_1_3' title="bbox 383 2844 1947 2909">
    <p class='ocr_par' dir='ltr' id='par_1_3' title="bbox 383 2844 1947 2909">
     <span class='ocr_line' id='line_1_30' title="bbox 383 2844 1947 2909; baseline -0.003 -13"><span class='ocrx_word' id='word_1_238' title='bbox 383 2845 428 2889; x_wconf 80' lang='grc' dir='ltr'>δὲ</span> <span class='ocrx_word' id='word_1_239' title='bbox 460 2845 522 2888; x_wconf 71' lang='grc' dir='ltr'>ἔτι</span> <span class='ocrx_word' id='word_1_240' title='bbox 555 2846 697 2896; x_wconf 77' lang='grc' dir='ltr'>ζῶντι.</span> <span class='ocrx_word' id='word_1_241' title='bbox 748 2846 837 2894; x_wconf 91' lang='lat' dir='ltr'>Cui</span> <span class='ocrx_word' id='word_1_242' title='bbox 871 2845 981 2894; x_wconf 91' lang='lat' dir='ltr'>loco</span> <span class='ocrx_word' id='word_1_243' title='bbox 1016 2845 1086 2893; x_wconf 91' lang='lat' dir='ltr'>sic</span> <span class='ocrx_word' id='word_1_244' title='bbox 1120 2845 1306 2893; x_wconf 91' lang='lat' dir='ltr'>occurri</span> <span class='ocrx_word' id='word_1_245' title='bbox 1347 2845 1542 2909; x_wconf 90' lang='lat' dir='ltr'>quidem</span> <span class='ocrx_word' id='word_1_246' title='bbox 1587 2854 1771 2908; x_wconf 82' lang='lat' dir='ltr'>potest,</span> <span class='ocrx_word' id='word_1_247' title='bbox 1818 2844 1947 2892; x_wconf 88' lang='lat' dir='ltr'>aliud</span> 
     </span>
    </p>
   </div>
   <div class='ocr_carea' id='block_1_4' title="bbox 383 2931 668 2939">
    <p class='ocr_par' dir='ltr' id='par_1_4' title="bbox 383 2931 668 2939">
     <span class='ocr_line' id='line_1_31' title="bbox 383 2931 668 2939; baseline 0 0"><span class='ocrx_word' id='word_1_248' title='bbox 383 2931 668 2939; x_wconf 95' lang='lat' dir='ltr'> </span> 
     </span>
    </p>
   </div>
   <div class='ocr_carea' id='block_1_5' title="bbox 381 2957 1946 3076">
    <p class='ocr_par' dir='ltr' id='par_1_5' title="bbox 381 2957 1946 3076">
     <span class='ocr_line' id='line_1_32' title="bbox 453 2957 1946 3011; baseline -0.001 -12"><span class='ocrx_word' id='word_1_249' title='bbox 453 2959 483 3011; x_wconf 94' lang='grc'>1)</span> <span class='ocrx_word' id='word_1_250' title='bbox 512 2961 662 2999; x_wconf 88' lang='lat' dir='ltr'>Herod.</span> <span class='ocrx_word' id='word_1_251' title='bbox 691 2959 763 3009; x_wconf 93' lang='lat' dir='ltr'>IV,</span> <span class='ocrx_word' id='word_1_252' title='bbox 792 2970 863 3010; x_wconf 86' lang='lat'>953</span> <span class='ocrx_word' id='word_1_253' title='bbox 892 2960 943 2999; x_wconf 90' lang='lat' dir='ltr'>cf.</span> <span class='ocrx_word' id='word_1_254' title='bbox 972 2959 1114 2998; x_wconf 87' lang='lat' dir='ltr'>Strabo</span> <span class='ocrx_word' id='word_1_255' title='bbox 1143 2958 1250 3004; x_wconf 87' lang='lat' dir='ltr'>VIII,</span> <span class='ocrx_word' id='word_1_256' title='bbox 1282 2958 1370 3008; x_wconf 88' lang='lat'>298,</span> <span class='ocrx_word' id='word_1_257' title='bbox 1398 2957 1469 3009; x_wconf 90' lang='lat' dir='ltr'>qui</span> <span class='ocrx_word' id='word_1_258' title='bbox 1503 2957 1722 2997; x_wconf 82' lang='lat' dir='ltr'>Zalmoxim</span> <span class='ocrx_word' id='word_1_259' title='bbox 1752 2957 1795 2997; x_wconf 88' lang='lat' dir='ltr'>in</span> <span class='ocrx_word' id='word_1_260' title='bbox 1829 2965 1946 2998; x_wconf 83' lang='lat' dir='ltr'>antro</span> 
     </span>
     <span class='ocr_line' id='line_1_33' title="bbox 381 3023 1170 3076; baseline -0.003 -12"><span class='ocrx_word' id='word_1_261' title='bbox 381 3025 600 3076; x_wconf 89' lang='lat' dir='ltr'>degentem</span> <span class='ocrx_word' id='word_1_262' title='bbox 628 3024 721 3064; x_wconf 88' lang='lat' dir='ltr'>fecit</span> <span class='ocrx_word' id='word_1_263' title='bbox 749 3023 929 3076; x_wconf 80' lang='grc' dir='ltr'>(ἀντρῶδές</span> <span class='ocrx_word' id='word_1_264' title='bbox 952 3039 991 3061; x_wconf 85' lang='grc' dir='ltr'>τι</span> <span class='ocrx_word' id='word_1_265' title='bbox 1016 3025 1170 3076; x_wconf 75' lang='grc' dir='ltr'>χωρίον).</span> 
     </span>
    </p>
   </div>
   <div class='ocr_carea' id='block_1_6' title="bbox 2142 0 2176 907">
    <p class='ocr_par' dir='ltr' id='par_1_6' title="bbox 2142 0 2176 907">
     <span class='ocr_line' id='line_1_34' title="bbox 2142 0 2176 907; baseline 0 0"><span class='ocrx_word' id='word_1_266' title='bbox 2142 0 2176 907; x_wconf 95' lang='lat' dir='ltr'> </span> 
     </span>
    </p>
   </div>
  </div>
 </body>
</html>
