2176 3450
1155 377 1215 424 30

477 500 539 548 H.
584 502 637 548 18
677 504 750 555 Εἰς
774 498 1014 548 Πλούτωνα
1051 509 1203 563 poeta
1244 498 1489 562 Orphicus
1529 497 1781 547 Infernum
1821 498 1969 547 deum

407 577 626 626 ἀνακαλεῖ·

518 677 588 708 vs,
621 676 690 707 12.
733 653 924 713 Εὔβουλ’,
956 650 1202 713 ἄγνοπόλου
1235 649 1492 714 Δημήτερος
1515 652 1564 706 ὃς
1593 671 1699 700 ποτε
1725 656 1864 700 παῖδα

728 730 981 795 νυμφεύσας
1004 736 1213 790 λειμῶνος
1236 731 1519 792 ἅποσπαδίην
1543 732 1619 780 dui
1641 730 1801 780 πόντου

727 810 961 874 τετρώροις
983 814 1185 859 ἵπποισιν
1209 810 1285 858 v‘n'
1303 811 1518 866 Ἀτθίδος
1537 811 1693 874 ἤγαγες
1711 811 1865 874 ἄντρον

729 889 865 954 ὁήμον
898 892 1151 946 Ἐλευσῖνος,
1182 887 1286 938 τόθι
1318 911 1403 953 περ
1430 888 1565 939 πύλαι
1589 891 1671 939 εἰσ’
1693 891 1865 940 Ἀίδαο.

516 979 586 1009 VS·
622 977 692 1021 19.
726 974 850 1019 ἵλαον
874 971 1068 1032 ἅγκαλέω
1095 989 1144 1018 σε
1167 974 1317 1029 μολεῖν
1341 968 1583 1033 κεχαρηότα
1606 969 1801 1030 μύσταις.

475 1074 568 1121 Hic
586 1074 730 1138 igitur
748 1073 811 1120 de
829 1072 1000 1136 mystis
1018 1071 1179 1137 agitur
1203 1071 1284 1136 qui
1308 1071 1557 1119 dominum
1583 1071 1818 1120 Orcinum
1843 1073 1975 1137 (Ζεύς

408 1156 584 1215 χθόνιος
613 1157 785 1204 dicitur
813 1173 857 1203 v.
891 1171 936 1217 3,
973 1153 1183 1203 Πλούτων
1205 1172 1251 1202 v.
1281 1156 1331 1218 4)
1362 1155 1561 1203 nomine
1597 1172 1644 1219 q.
1675 1172 1718 1203 e.
1756 1156 1975 1215 Εὔβουλος

410 1240 718 1297 invocabant3
750 1239 844 1287 hoc
873 1249 1039 1287 autem
1069 1255 1265 1287 carmen
1296 1238 1531 1286 Petersen
1549 1241 1582 1302 1)
1600 1239 1697 1287 iam
1714 1239 1973 1303 antiquiori

409 1323 557 1371 aetati
603 1339 750 1386 quam
797 1332 965 1370 cetera
1011 1321 1278 1386 assignavit
1319 1322 1434 1385 quia
1470 1321 1748 1370 Homericis
1781 1322 1973 1386 hymnis

409 1405 604 1454 similius
640 1422 752 1453 esse
788 1406 993 1453 videtur.

476 1489 536 1536 H.
574 1504 652 1548 42,
691 1505 715 1535 2
753 1487 966 1543 Διόνυσος
1007 1489 1219 1536 canitur:

635 1577 813 1640 σπέρμα
841 1578 1152 1639 πολύμνηστον,
1179 1575 1460 1636 πολυώνυμον
1487 1577 1750 1640 Εῑῗβουλῆος.

473 1673 573 1721 Iam
624 1673 848 1720 videmus
900 1672 1047 1720 etiam
1099 1671 1326 1736 Orphicis
1377 1672 1424 1720 in
1475 1671 1626 1720 literis
1660 1672 1755 1720 hoc
1790 1689 1973 1721 nomen

408 1761 482 1804 Διὶ
516 1760 680 1816 χθονίῳ
729 1766 779 1803 et
829 1754 1055 1803 Πλούτωνι
1105 1755 1389 1803 attributum
1441 1772 1580 1813 esse3
1633 1772 1782 1819 quem
1825 1755 1974 1804 deum

410 1838 632 1887 Graecos
665 1839 760 1887 hoc
796 1839 993 1888 nomine
1028 1837 1279 1902 appellare
1313 1838 1484 1886 solitos
1519 1855 1632 1887 esse
1668 1838 1841 1903 negari
1876 1855 1974 1887 non

408 1931 587 1986 potest.
609 1923 643 1985 ²)
694 1921 920 1983 Quocum
964 1921 1110 1985 plane
1155 1921 1399 1969 consentit
1443 1920 1678 1985 Hesychii
1719 1921 1973 1986 glossema

409 2003 655 2064 Ειῖβουλεύς
683 2027 724 2045 =
753 2006 777 2051 ὁ
801 2004 1024 2052 Πλούτων.
1067 2004 1416 2053 Concludimus
1460 2004 1608 2069 igitur
1654 2004 1750 2053 hoc
1792 2021 1974 2053 nomen

411 2087 672 2152 antiquitus
718 2088 985 2136 Inferorum
1036 2087 1238 2135 domino
1282 2097 1472 2135 tantum
1518 2088 1768 2151 proprium
1809 2087 1973 2136 fuisse.

411 2171 574 2233 Quem
625 2187 796 2235 regem
849 2170 1134 2219 infernalem
1186 2169 1422 2218 thiasotas
1474 2180 1671 2218 nostros
1715 2187 1814 2218 una
1863 2186 1973 2218 cum

410 2255 600 2302 inferna
633 2255 805 2318 regina
839 2254 1097 2302 invocasse
1131 2270 1161 2301 e
1198 2254 1269 2302 rei
1305 2263 1480 2301 natura
1514 2263 1613 2301 est:
1650 2253 1826 2301 ambos
1844 2253 1974 2301 enim

412 2337 535 2385 deos
578 2338 844 2385 obsecrant
889 2337 1081 2394 mortui,
1131 2353 1341 2400 quorum
1377 2337 1467 2385 sub
1502 2336 1679 2384 iudicio
1714 2337 1812 2384 iarn
1846 2347 1973 2384 sunt.

410 2419 515 2467 Sed
546 2420 593 2467 in
623 2420 815 2483 hymnis
844 2419 1075 2483 Orphicis
1101 2420 1326 2468 videmus
1356 2420 1450 2468 hoc
1481 2436 1662 2468 nomen
1682 2436 1780 2468 non
1798 2419 1977 2467 iustum

410 2519 737 2567 severumque
772 2503 982 2551 iudicem
1015 2513 1206 2551 tantum
1234 2503 1606 2568 significavisse,
1637 2503 1728 2551 sed
1753 2502 1800 2550 in
1827 2501 1974 2551 alium

411 2585 561 2633 deum
607 2586 895 2634 translatum
940 2603 1053 2634 esse
1093 2603 1156 2634 eo
1198 2586 1349 2634 modo
1383 2596 1437 2634 ut
1470 2586 1625 2650 patris
1660 2602 1839 2634 nomen
1875 2585 1974 2634 filio

479 2693 506 2740 1)
534 2693 735 2742 Petersen,
763 2692 990 2744 Philologus
1017 2694 1177 2732 XXVII
1192 2707 1232 2745 p.
1247 2695 1322 2745 385
1340 2706 1446 2745 seq.;
1461 2694 1513 2733 cf.
1530 2694 1644 2743 Abel,
1661 2693 1839 2744 Orphica
1855 2706 1896 2744 p.
1913 2703 1976 2745 55.

477 2757 506 2808 ⁹)
534 2757 691 2807 Graeci,
713 2758 783 2809 qui
812 2771 894 2797 una
920 2771 1014 2798 curn
1044 2760 1234 2798 Demetre
1261 2759 1323 2798 vel
1354 2760 1464 2798 Kora
1493 2759 1615 2798 deum
1652 2772 1692 2810 q.
1708 2772 1749 2798 n.
1785 2759 1976 2810 Εὑβουλεύς

410 2823 633 2871 coluerunt,
674 2824 750 2862 hoc
791 2823 956 2863 nomine
997 2837 1078 2863 non
1122 2824 1347 2876 Dionysum
1389 2825 1461 2863 sed
1498 2827 1564 2861 Διά
1598 2825 1838 2874 voluerunt3
1866 2823 1978 2875 quod

410 2887 689 2939 inscriptiones
731 2889 1008 2928 demonstrant
1049 2890 1220 2939 (Rohde‚
1254 2890 1420 2940 Psyche,
1458 2890 1476 2927 I
1516 2889 1623 2939 2072,
1665 2889 1772 2938 2101,
1808 2891 1966 2929 Usener

409 2951 602 3002 Dreiheit,
627 2952 774 2992 Rhein.
801 2954 989 2993 Museum
1021 2967 1135 3006 1903,
1163 2968 1204 3006 p.
1229 2966 1291 3005 25,
1319 2955 1402 2994 Leo
1429 2954 1553 2994 Bloch
1568 2954 1610 2993 in
1625 2953 1799 2994 Rocheri
1817 2952 1978 2994 Lexico’

413 3019 452 3057 ΙΙ
484 3018 611 3069 1302).

2165 175 2172 188 ψ
2146 0 2173 154 «Tm-Eri
