2176 3450
1015 398 1070 447 51

258 521 577 587 Hoffnungen
611 521 1001 570 verschiedenen
1032 520 1206 569 Stufen
1239 521 1330 570 des
1359 521 1828 588 Erlosungsganges

259 604 602 668 entsprechen.
650 603 789 662 Wer,
841 602 995 652 durch
1046 604 1184 652 seine
1233 603 1563 653 Theilnahme
1614 621 1678 653 an
1729 605 1826 654 den

258 687 471 753 heiligen
522 687 750 745 Weihen,
803 687 884 736 die
934 687 1034 736 alte
1084 686 1267 735 Schuld
1312 687 1528 752 gesiihnt
1578 687 1677 746 hat,
1729 687 1827 736 den

258 770 391 819 kann
442 770 523 819 die
574 770 745 819 Gottin
796 788 852 818 zu
904 770 1020 818 dem
1077 769 1309 819 Lustorte
1367 770 1459 819 der
1517 770 1706 819 Reinen
1762 771 1827 819 im

256 853 463 902 Inneren
509 853 602 902 des
648 853 822 903 Hades
865 853 1104 902 zulassen.
1154 853 1294 902 Aber
1333 870 1387 902 er
1427 871 1562 902 muss
1602 854 1648 902 in
1675 853 1827 906 (nach-

259 935 527 1001 folgenden
558 936 814 985 Geburten
844 936 936 985 auf
958 937 1049 984 der
1077 936 1210 985 Erde
1240 947 1343 985 erst
1371 937 1468 985 den
1499 936 1645 986 Kreis
1678 936 1829 1003 vollig

258 1019 611 1068 durchmessen
642 1019 820 1078 haben,
852 1019 948 1068 ehe
979 1037 1034 1068 er
1062 1019 1284 1085 ganzlich
1312 1037 1410 1069 von
1441 1019 1828 1086 Wiedergeburt

257 1101 437 1151 befreit
486 1103 605 1150 wird
655 1103 757 1151 und
808 1120 906 1151 nun
958 1119 1082 1168 ganz
1129 1103 1314 1151 wieder
1358 1103 1433 1161 ist,
1481 1120 1583 1152 was
1629 1121 1685 1152 er
1727 1120 1827 1153 von

258 1185 526 1252 Anbeginn
563 1203 676 1245 war,
713 1186 793 1234 ein
828 1186 967 1235 Gott.
1005 1187 1111 1235 Der
1143 1186 1310 1235 Todte
1347 1186 1436 1235 der
1476 1197 1642 1235 ersten
1682 1186 1828 1236 Tafel

258 1270 321 1318 ist
354 1286 417 1318 an
453 1269 569 1318 dem
603 1269 704 1318 Ziel
734 1270 897 1318 seiner
926 1269 1187 1318 Wallfahrt
1215 1269 1599 1335 angekommen‚
1629 1270 1708 1319 die
1736 1270 1828 1319 der

257 1353 375 1402 zwei
419 1353 640 1401 anderen
684 1352 863 1401 Tafeln
909 1363 1011 1401 erst
1051 1353 1140 1401 auf
1169 1353 1304 1402 einer
1337 1353 1826 1403 Zwischenstation”.

324 1436 492 1499 Quem
525 1436 847 1500 interpretem
882 1436 1112 1500 equidem
1149 1453 1246 1485 non
1283 1437 1512 1485 omnibus
1536 1436 1584 1485 in
1607 1437 1829 1502 partibus

257 1519 399 1583 sequi
429 1536 646 1584 possum.
684 1518 877 1568 Omnes
912 1519 1041 1568 enim
1077 1520 1197 1568 istos
1232 1530 1454 1568 mortuos
1485 1519 1590 1569 fere
1616 1520 1828 1570 eandem

259 1602 418 1651 sidem
446 1601 703 1667 professos
728 1618 841 1651 esse
870 1602 1110 1651 concedo:
1143 1603 1278 1668 quod
1313 1604 1584 1652 eorundem
1619 1604 1828 1652 deorum

257 1685 492 1735 solemnis
532 1702 643 1734 cum
683 1686 729 1734 in
771 1685 963 1734 laminis
998 1685 1232 1734 Thurinis
1267 1696 1369 1734 tum
1405 1687 1451 1734 in
1486 1687 1715 1736 Romana
1749 1686 1829 1738 illa

258 1769 505 1818 invocatio
539 1779 616 1817 sat
648 1768 828 1834 liquide
857 1769 1181 1818 demonstrat.
1223 1768 1416 1832 Quibus
1452 1786 1515 1819 ex
1550 1770 1829 1821 hominibus

258 1851 388 1900 hunc
411 1861 513 1900 tres
537 1851 809 1900 Inferorum
835 1851 959 1900 deos
975 1861 1165 1900 tantum
1186 1852 1459 1911 invocasse,
1479 1852 1612 1901 illum
1630 1866 1830 1918 praeter

258 1934 351 1985 hos
365 1935 643 1999 Dionysum
655 1951 853 1999 quoque
871 1934 1126 1984 Laconum
1147 1935 1194 1983 in
1213 1935 1418 1984 modum
1437 1936 1659 1996 coluisse,
1678 1955 1827 1986 unum

258 2018 397 2083 quasi
426 2018 660 2067 victorem
690 2018 861 2066 mortis
889 2017 1038 2067 limen
1063 2019 1354 2084 transgredi,
1381 2018 1589 2068 alterum
1612 2021 1829 2070 tertium-

259 2117 357 2165 que
375 2101 621 2166 supplices
642 2101 826 2150 Inferos
843 2101 999 2160 adire,
1018 2102 1086 2150 sic
1105 2102 1414 2167 interpretari
1433 2119 1531 2152 non
1549 2121 1828 2168 possumus,

258 2193 311 2233 ut
354 2184 563 2248 primum
608 2184 674 2232 ad
706 2181 1090 2244 μετεμψυχώσεως
1124 2184 1278 2234 finem
1324 2186 1523 2235 venisse
1566 2203 1714 2251 quem
1749 2187 1829 2237 alii

259 2267 476 2316 nondum
493 2268 703 2316 assecuti
721 2267 817 2315 sint
836 2266 1082 2316 faciamus.
1102 2267 1231 2317 Nam
1249 2268 1289 2317 si
1307 2269 1565 2318 contendis
1582 2270 1830 2335 supplices

259 2349 501 2399 thiasotas
541 2350 807 2399 credidisse
849 2350 1001 2399 vitam
1043 2368 1133 2415 per
1173 2349 1511 2415 μετεμψύχωσιν
1553 2352 1644 2401 sibi
1681 2354 1829 2403 conti-

260 2434 504 2482 nuandam
538 2450 667 2492 esse,
703 2433 1099 2482 concludendum
1134 2444 1211 2482 est
1245 2450 1336 2483 eos
1369 2434 1500 2483 aliud
1534 2435 1753 2485 clausum
1780 2438 1828 2486 in

260 2525 475 2581 pectore,
517 2516 648 2566 aliud
682 2517 730 2565 in
770 2516 934 2582 lingua
973 2527 1256 2581 promptum
1299 2517 1555 2579 habuisse3
1597 2519 1661 2567 de
1695 2521 1830 2569 omni

261 2599 392 2648 enim
424 2600 763 2664 μετεμψυχώσει
799 2616 862 2648 ne
899 2617 997 2649 una
1031 2600 1234 2664 quidem
1270 2601 1316 2648 in
1353 2600 1536 2650 lamina
1561 2603 1831 2668 quidquam

259 2680 449 2748 legitur.
479 2682 628 2744 Quod
657 2700 765 2731 cum
795 2693 966 2732 contra
993 2683 1289 2748 interpretes
1316 2684 1494 2743 varios,
1525 2684 1830 2748 Dielsium1),

329 2777 361 2828 ¹)
389 2778 508 2827 Diels,
537 2778 749 2818 Philotesia
776 2793 816 2830 p.
845 2779 935 2827 44¹⁰
960 2779 1013 2818 ad
1040 2791 1182 2818 vocem
1211 2793 1250 2830 q.
1268 2792 1301 2819 e.
1330 2781 1448 2822 κύκλος
1476 2781 1629 2831 (Carm.
1658 2784 1695 2822 A
1724 2796 1762 2823 v.
1787 2783 1831 2834 6)

259 2841 427 2883 adnotat
463 2844 571 2892 „Der
611 2843 1169 2895 Orphisch-pythagorischen
1212 2846 1578 2897 Metempsychose,
1618 2846 1683 2887 die
1723 2849 1831 2888 auch

260 2907 524 2959 Empedocles
552 2909 615 2962 (τι
644 2909 676 2947 Β
709 2920 768 2959 17,
802 2912 866 2961 13)
899 2910 1016 2952 κύκλος
1053 2909 1207 2949 nennt'’
1236 2918 1276 2950 et
1304 2910 1413 2950 hunc
1440 2910 1482 2950 in
1511 2913 1678 2953 modum
1707 2912 1829 2954 inter-

261 2980 440 3024 pretatur
467 2974 559 3014 lam.
586 2975 664 3014 Th.
692 2975 730 3012 V
759 2987 919 3014 versum
946 2982 1162 3026 quartum:

486 3045 586 3092 χαῖρε
611 3041 726 3077 παθὼν
751 3039 793 3077 τὸ
820 3042 972 3091 πάθημα·
1001 3040 1041 3078 τὸ
1069 3040 1103 3078 δ’
1133 3040 1227 3078 οὔπω
1255 3039 1377 3093 πρόσθ’
1405 3042 1607 3086 §mn-dvorte.
