<?xml version="1.0" encoding="UTF-8"?>
<!DOCTYPE html PUBLIC "-//W3C//DTD XHTML 1.0 Transitional//EN"
    "http://www.w3.org/TR/xhtml1/DTD/xhtml1-transitional.dtd">
<html xmlns="http://www.w3.org/1999/xhtml" xml:lang="en" lang="en">
 <head>
  <title>
</title>
<meta http-equiv="Content-Type" content="text/html;charset=utf-8" />
  <meta name='ocr-system' content='tesseract 3.04.00' />
  <meta name='ocr-capabilities' content='ocr_page ocr_carea ocr_par ocr_line ocrx_word'/>
</head>
<body>
  <div class='ocr_page' id='page_1' title='image "./detribuslaminisa00wietuoft_0113.png"; bbox 0 0 2176 3450; ppageno 0'>
   <div class='ocr_carea' id='block_1_1' title="bbox 0 0 164 3450">
    <p class='ocr_par' dir='ltr' id='par_1_1' title="bbox 0 0 164 3450">
     <span class='ocr_line' id='line_1_1' title="bbox 0 0 164 3450; baseline 0 0"><span class='ocrx_word' id='word_1_1' title='bbox 0 0 164 3450; x_wconf 95' lang='lat' dir='ltr'> </span> 
     </span>
    </p>
   </div>
   <div class='ocr_carea' id='block_1_2' title="bbox 993 338 1082 384">
    <p class='ocr_par' dir='ltr' id='par_1_2' title="bbox 993 338 1082 384">
     <span class='ocr_line' id='line_1_2' title="bbox 993 338 1082 384; baseline 0.022 -12"><span class='ocrx_word' id='word_1_2' title='bbox 993 338 1082 384; x_wconf 88' lang='lat'>103</span> 
     </span>
    </p>
   </div>
   <div class='ocr_carea' id='block_1_3' title="bbox 238 458 1816 1518">
    <p class='ocr_par' dir='ltr' id='par_1_3' title="bbox 238 458 1816 1518">
     <span class='ocr_line' id='line_1_3' title="bbox 246 458 1813 526; baseline 0.001 -18"><span class='ocrx_word' id='word_1_3' title='bbox 246 475 398 524; x_wconf 87' lang='lat' dir='ltr'>quem</span> <span class='ocrx_word' id='word_1_4' title='bbox 443 458 694 508; x_wconf 87' lang='lat' dir='ltr'>Dieterich</span> <span class='ocrx_word' id='word_1_5' title='bbox 737 459 948 526; x_wconf 84' lang='lat' dir='ltr'>egregie</span> <span class='ocrx_word' id='word_1_6' title='bbox 987 459 1340 524; x_wconf 87' lang='lat' dir='ltr'>interpretatus</span> <span class='ocrx_word' id='word_1_7' title='bbox 1384 469 1476 508; x_wconf 88' lang='lat' dir='ltr'>est.</span> <span class='ocrx_word' id='word_1_8' title='bbox 1522 460 1618 523; x_wconf 80' lang='lat' dir='ltr'>Qui</span> <span class='ocrx_word' id='word_1_9' title='bbox 1652 460 1813 510; x_wconf 89' lang='lat' dir='ltr'>locum</span> 
     </span>
     <span class='ocr_line' id='line_1_4' title="bbox 246 541 1815 607; baseline 0 -14"><span class='ocrx_word' id='word_1_10' title='bbox 246 541 456 593; x_wconf 83' lang='lat' dir='ltr'>Diodori</span> <span class='ocrx_word' id='word_1_11' title='bbox 476 543 510 603; x_wconf 86' lang='lat'>1)</span> <span class='ocrx_word' id='word_1_12' title='bbox 551 542 752 592; x_wconf 90' lang='lat' dir='ltr'>contulit</span> <span class='ocrx_word' id='word_1_13' title='bbox 785 543 870 592; x_wconf 91' lang='lat' dir='ltr'>ubi</span> <span class='ocrx_word' id='word_1_14' title='bbox 902 542 1196 592; x_wconf 83' lang='lat' dir='ltr'>describitur</span> <span class='ocrx_word' id='word_1_15' title='bbox 1229 559 1329 607; x_wconf 90' lang='lat' dir='ltr'>quo</span> <span class='ocrx_word' id='word_1_16' title='bbox 1379 543 1532 592; x_wconf 90' lang='lat' dir='ltr'>modo</span> <span class='ocrx_word' id='word_1_17' title='bbox 1571 543 1815 593; x_wconf 86' lang='lat' dir='ltr'>Hercules</span> 
     </span>
     <span class='ocr_line' id='line_1_5' title="bbox 238 624 1814 690; baseline 0.001 -17"><span class='ocrx_word' id='word_1_18' title='bbox 238 624 440 689; x_wconf 86' lang='lat' dir='ltr'>Junonis</span> <span class='ocrx_word' id='word_1_19' title='bbox 497 624 521 673; x_wconf 85' lang='lat' dir='ltr'><strong>f</strong></span> <span class='ocrx_word' id='word_1_20' title='bbox 523 625 632 674; x_wconf 84' lang='lat' dir='ltr'>ilius</span> <span class='ocrx_word' id='word_1_21' title='bbox 687 625 845 674; x_wconf 87' lang='lat' dir='ltr'>sactus</span> <span class='ocrx_word' id='word_1_22' title='bbox 904 625 967 674; x_wconf 93' lang='lat' dir='ltr'>sit</span> <span class='ocrx_word' id='word_1_23' title='bbox 1026 625 1121 690; x_wconf 78' lang='grc' dir='ltr'>(τήν</span> <span class='ocrx_word' id='word_1_24' title='bbox 1147 626 1297 686; x_wconf 72' lang='grc' dir='ltr'><strong><em>’Ἦραν</em></strong></span> <span class='ocrx_word' id='word_1_25' title='bbox 1341 625 1567 686; x_wconf 71' lang='grc' dir='ltr'><strong><em>ἀναβᾶσαν</em></strong></span> <span class='ocrx_word' id='word_1_26' title='bbox 1611 626 1688 674; x_wconf 79' lang='grc' dir='ltr'>ἐπὶ</span> <span class='ocrx_word' id='word_1_27' title='bbox 1736 626 1814 689; x_wconf 69' lang='grc' dir='ltr'>τήν</span> 
     </span>
     <span class='ocr_line' id='line_1_6' title="bbox 244 708 1815 772; baseline 0 -15"><span class='ocrx_word' id='word_1_28' title='bbox 244 711 388 772; x_wconf 70' lang='grc' dir='ltr'><strong><em>κλίνην</em></strong></span> <span class='ocrx_word' id='word_1_29' title='bbox 428 712 502 756; x_wconf 79' lang='grc' dir='ltr'><strong><em>καὶ</em></strong></span> <span class='ocrx_word' id='word_1_30' title='bbox 538 709 613 756; x_wconf 78' lang='grc' dir='ltr'>τόν</span> <span class='ocrx_word' id='word_1_31' title='bbox 645 708 869 772; x_wconf 68' lang='grc' dir='ltr'>ιΗρακλέα</span> <span class='ocrx_word' id='word_1_32' title='bbox 910 711 1269 772; x_wconf 65' lang='grc' dir='ltr'><strong><em>προσλαβομένην</em></strong></span> <span class='ocrx_word' id='word_1_33' title='bbox 1315 709 1430 771; x_wconf 76' lang='grc' dir='ltr'><strong><em>πρὸς</em></strong></span> <span class='ocrx_word' id='word_1_34' title='bbox 1473 708 1524 757; x_wconf 77' lang='grc' dir='ltr'>τὸ</span> <span class='ocrx_word' id='word_1_35' title='bbox 1567 714 1696 768; x_wconf 81' lang='grc' dir='ltr'><strong><em>σῶμα</em></strong></span> <span class='ocrx_word' id='word_1_36' title='bbox 1740 708 1815 757; x_wconf 71' lang='grc' dir='ltr'>διά</span> 
     </span>
     <span class='ocr_line' id='line_1_7' title="bbox 243 786 1816 853; baseline -0.001 -15"><span class='ocrx_word' id='word_1_37' title='bbox 243 793 333 838; x_wconf 69' lang='grc' dir='ltr'>τῶν</span> <span class='ocrx_word' id='word_1_38' title='bbox 356 786 607 848; x_wconf 75' lang='grc' dir='ltr'><strong><em>ἐνδυμάτων</em></strong></span> <span class='ocrx_word' id='word_1_39' title='bbox 630 787 810 852; x_wconf 67' lang='grc' dir='ltr'><strong><em>ἐφεῖναι</em></strong></span> <span class='ocrx_word' id='word_1_40' title='bbox 838 788 951 853; x_wconf 76' lang='grc' dir='ltr'><strong><em>πρὸς</em></strong></span> <span class='ocrx_word' id='word_1_41' title='bbox 974 789 1052 851; x_wconf 80' lang='grc' dir='ltr'>τήν</span> <span class='ocrx_word' id='word_1_42' title='bbox 1075 792 1168 852; x_wconf 74' lang='grc' dir='ltr'>γῆν,</span> <span class='ocrx_word' id='word_1_43' title='bbox 1187 791 1454 853; x_wconf 84' lang='grc' dir='ltr'><strong><em>μιμουμένην</em></strong></span> <span class='ocrx_word' id='word_1_44' title='bbox 1488 789 1566 852; x_wconf 74' lang='grc' dir='ltr'>τήν</span> <span class='ocrx_word' id='word_1_45' title='bbox 1600 789 1816 853; x_wconf 66' lang='grc' dir='ltr'>ἀληθινήν</span> 
     </span>
     <span class='ocr_line' id='line_1_8' title="bbox 242 874 1815 939; baseline 0 -15"><span class='ocrx_word' id='word_1_46' title='bbox 242 877 420 936; x_wconf 68' lang='grc' dir='ltr'><strong><em>γένεσιν,</em></strong></span> <span class='ocrx_word' id='word_1_47' title='bbox 463 890 612 939; x_wconf 88' lang='lat' dir='ltr'>quarn</span> <span class='ocrx_word' id='word_1_48' title='bbox 647 874 927 939; x_wconf 87' lang='lat' dir='ltr'>adoptionis</span> <span class='ocrx_word' id='word_1_49' title='bbox 951 874 1162 924; x_wconf 80' lang='lat' dir='ltr'>formam</span> <span class='ocrx_word' id='word_1_50' title='bbox 1186 874 1441 924; x_wconf 88' lang='lat' dir='ltr'>Diodorus</span> <span class='ocrx_word' id='word_1_51' title='bbox 1464 874 1534 924; x_wconf 87' lang='lat' dir='ltr'>ait</span> <span class='ocrx_word' id='word_1_52' title='bbox 1555 883 1670 924; x_wconf 87' lang='lat' dir='ltr'>tunc</span> <span class='ocrx_word' id='word_1_53' title='bbox 1694 885 1815 924; x_wconf 90' lang='lat' dir='ltr'>tem-</span> 
     </span>
     <span class='ocr_line' id='line_1_9' title="bbox 243 957 1815 1023; baseline 0.001 -17"><span class='ocrx_word' id='word_1_54' title='bbox 243 957 383 1023; x_wconf 87' lang='lat' dir='ltr'>poris</span> <span class='ocrx_word' id='word_1_55' title='bbox 425 957 576 1007; x_wconf 89' lang='lat' dir='ltr'>etiam</span> <span class='ocrx_word' id='word_1_56' title='bbox 620 957 754 1022; x_wconf 89' lang='lat' dir='ltr'>apud</span> <span class='ocrx_word' id='word_1_57' title='bbox 797 958 1038 1007; x_wconf 88' lang='lat' dir='ltr'>barbaras</span> <span class='ocrx_word' id='word_1_58' title='bbox 1071 958 1298 1006; x_wconf 87' lang='lat' dir='ltr'>nationes</span> <span class='ocrx_word' id='word_1_59' title='bbox 1331 957 1560 1007; x_wconf 87' lang='lat' dir='ltr'>usitatam</span> <span class='ocrx_word' id='word_1_60' title='bbox 1596 960 1726 1023; x_wconf 85' lang='lat' dir='ltr'>esse)</span> <span class='ocrx_word' id='word_1_61' title='bbox 1762 967 1815 1007; x_wconf 91' lang='lat' dir='ltr'>et</span> 
     </span>
     <span class='ocr_line' id='line_1_10' title="bbox 242 1039 1814 1105; baseline 0 -15"><span class='ocrx_word' id='word_1_62' title='bbox 242 1039 541 1091; x_wconf 87' lang='lat' dir='ltr'>locutionem</span> <span class='ocrx_word' id='word_1_63' title='bbox 575 1040 833 1105; x_wconf 85' lang='lat' dir='ltr'>„accipere</span> <span class='ocrx_word' id='word_1_64' title='bbox 866 1041 913 1089; x_wconf 92' lang='lat' dir='ltr'>in</span> <span class='ocrx_word' id='word_1_65' title='bbox 948 1039 1137 1089; x_wconf 88' lang='lat' dir='ltr'>sinum’‘</span> <span class='ocrx_word' id='word_1_66' title='bbox 1174 1039 1378 1090; x_wconf 88' lang='lat' dir='ltr'>illustrat</span> <span class='ocrx_word' id='word_1_67' title='bbox 1423 1041 1702 1090; x_wconf 89' lang='lat' dir='ltr'>narratione</span> <span class='ocrx_word' id='word_1_68' title='bbox 1746 1041 1814 1091; x_wconf 88' lang='lat' dir='ltr'>de</span> 
     </span>
     <span class='ocr_line' id='line_1_11' title="bbox 242 1123 1812 1189; baseline 0.001 -17"><span class='ocrx_word' id='word_1_69' title='bbox 242 1123 428 1186; x_wconf 87' lang='lat' dir='ltr'>Attidis</span> <span class='ocrx_word' id='word_1_70' title='bbox 459 1124 621 1183; x_wconf 85' lang='lat' dir='ltr'>rebus,</span> <span class='ocrx_word' id='word_1_71' title='bbox 657 1140 807 1189; x_wconf 90' lang='lat' dir='ltr'>quam</span> <span class='ocrx_word' id='word_1_72' title='bbox 829 1123 1146 1188; x_wconf 76' lang='lat' dir='ltr'>Pausanias&#39;)</span> <span class='ocrx_word' id='word_1_73' title='bbox 1162 1123 1294 1172; x_wconf 92' lang='lat' dir='ltr'>hunc</span> <span class='ocrx_word' id='word_1_74' title='bbox 1312 1124 1359 1173; x_wconf 93' lang='lat' dir='ltr'>in</span> <span class='ocrx_word' id='word_1_75' title='bbox 1382 1124 1587 1173; x_wconf 88' lang='lat' dir='ltr'>modum</span> <span class='ocrx_word' id='word_1_76' title='bbox 1610 1123 1812 1173; x_wconf 80' lang='lat' dir='ltr'>rettulit:</span> 
     </span>
     <span class='ocr_line' id='line_1_12' title="bbox 241 1207 1812 1272; baseline 0.001 -17"><span class='ocrx_word' id='word_1_77' title='bbox 241 1209 469 1270; x_wconf 70' lang='grc' dir='ltr'><strong><em>θυγατέρα</em></strong></span> <span class='ocrx_word' id='word_1_78' title='bbox 491 1211 570 1255; x_wconf 82' lang='grc' dir='ltr'>τοῦ</span> <span class='ocrx_word' id='word_1_79' title='bbox 593 1210 837 1270; x_wconf 79' lang='grc' dir='ltr'><strong><em>Σαγγαρίου</em></strong></span> <span class='ocrx_word' id='word_1_80' title='bbox 862 1211 1065 1266; x_wconf 81' lang='grc' dir='ltr'>ποταμοῦ</span> <span class='ocrx_word' id='word_1_81' title='bbox 1087 1211 1239 1266; x_wconf 83' lang='grc' dir='ltr'><strong><em>λαβεῖν</em></strong></span> <span class='ocrx_word' id='word_1_82' title='bbox 1264 1226 1375 1270; x_wconf 85' lang='grc' dir='ltr'><strong><em>φασι</em></strong></span> <span class='ocrx_word' id='word_1_83' title='bbox 1401 1207 1634 1272; x_wconf 83' lang='lat' dir='ltr'>(Galatae</span> <span class='ocrx_word' id='word_1_84' title='bbox 1657 1207 1812 1256; x_wconf 79' lang='lat' dir='ltr'>Pessi·</span> 
     </span>
     <span class='ocr_line' id='line_1_13' title="bbox 243 1288 1815 1354; baseline 0.001 -16"><span class='ocrx_word' id='word_1_85' title='bbox 243 1298 395 1339; x_wconf 81' lang='lat' dir='ltr'>nunta</span> <span class='ocrx_word' id='word_1_86' title='bbox 428 1288 720 1354; x_wconf 86' lang='lat' dir='ltr'>incolentes)</span> <span class='ocrx_word' id='word_1_87' title='bbox 758 1294 836 1338; x_wconf 81' lang='grc' dir='ltr'>τοῦ</span> <span class='ocrx_word' id='word_1_88' title='bbox 869 1295 1044 1353; x_wconf 78' lang='grc' dir='ltr'><strong><em>καρποῦ</em></strong></span> <span class='ocrx_word' id='word_1_89' title='bbox 1077 1289 1372 1351; x_wconf 66' lang='grc' dir='ltr'>(οἷμυγδαλῆςγ</span> <span class='ocrx_word' id='word_1_90' title='bbox 1410 1290 1655 1354; x_wconf 76' lang='grc' dir='ltr'><strong><em>ἐσθεμένης</em></strong></span> <span class='ocrx_word' id='word_1_91' title='bbox 1686 1294 1737 1339; x_wconf 77' lang='grc' dir='ltr'>δὲ</span> <span class='ocrx_word' id='word_1_92' title='bbox 1766 1290 1815 1346; x_wconf 79' lang='grc' dir='ltr'>ἐς</span> 
     </span>
     <span class='ocr_line' id='line_1_14' title="bbox 241 1364 1813 1431; baseline 0.001 -16"><span class='ocrx_word' id='word_1_93' title='bbox 241 1367 316 1415; x_wconf 75' lang='grc' dir='ltr'>τᾶν</span> <span class='ocrx_word' id='word_1_94' title='bbox 338 1368 501 1415; x_wconf 76' lang='grc' dir='ltr'><strong><em>κόλπον</em></strong></span> <span class='ocrx_word' id='word_1_95' title='bbox 523 1367 694 1430; x_wconf 79' lang='grc' dir='ltr'><strong><em>καρπός</em></strong></span> <span class='ocrx_word' id='word_1_96' title='bbox 714 1370 793 1425; x_wconf 84' lang='grc' dir='ltr'>μὲν</span> <span class='ocrx_word' id='word_1_97' title='bbox 818 1369 979 1422; x_wconf 77' lang='grc' dir='ltr'><strong><em>ἐκεῖνος</em></strong></span> <span class='ocrx_word' id='word_1_98' title='bbox 1003 1365 1053 1430; x_wconf 82' lang='grc' dir='ltr'>ἦν</span> <span class='ocrx_word' id='word_1_99' title='bbox 1077 1366 1232 1415; x_wconf 72' lang='grc' dir='ltr'><strong><em>αὐτίκα</em></strong></span> <span class='ocrx_word' id='word_1_100' title='bbox 1259 1364 1447 1430; x_wconf 72' lang='grc' dir='ltr'><strong><em>ἀφανής,</em></strong></span> <span class='ocrx_word' id='word_1_101' title='bbox 1470 1367 1581 1431; x_wconf 69' lang='grc' dir='ltr'><strong><em>αὐτῆ</em></strong></span> <span class='ocrx_word' id='word_1_102' title='bbox 1605 1371 1654 1416; x_wconf 82' lang='grc' dir='ltr'>δὲ</span> <span class='ocrx_word' id='word_1_103' title='bbox 1678 1365 1813 1416; x_wconf 77' lang='grc' dir='ltr'><strong><em>ἐκύει.</em></strong></span> 
     </span>
     <span class='ocr_line' id='line_1_15' title="bbox 243 1452 1811 1518; baseline 0.001 -16"><span class='ocrx_word' id='word_1_104' title='bbox 243 1452 438 1516; x_wconf 84' lang='lat' dir='ltr'>Quibus</span> <span class='ocrx_word' id='word_1_105' title='bbox 461 1453 723 1518; x_wconf 90' lang='lat' dir='ltr'>disputatis</span> <span class='ocrx_word' id='word_1_106' title='bbox 758 1452 1010 1502; x_wconf 89' lang='lat' dir='ltr'>Dieterich</span> <span class='ocrx_word' id='word_1_107' title='bbox 1046 1452 1291 1502; x_wconf 88' lang='lat' dir='ltr'>concludit</span> <span class='ocrx_word' id='word_1_108' title='bbox 1313 1456 1347 1514; x_wconf 83' lang='lat'>⁸)</span> <span class='ocrx_word' id='word_1_109' title='bbox 1382 1470 1629 1518; x_wconf 88' lang='lat' dir='ltr'>apparere</span> <span class='ocrx_word' id='word_1_110' title='bbox 1666 1471 1811 1513; x_wconf 87' lang='lat' dir='ltr'>„eum</span> 
     </span>
    </p>
   </div>
   <div class='ocr_carea' id='block_1_4' title="bbox 243 1571 530 1581">
    <p class='ocr_par' dir='ltr' id='par_1_4' title="bbox 243 1571 530 1581">
     <span class='ocr_line' id='line_1_16' title="bbox 243 1571 530 1581; baseline 0 1869"><span class='ocrx_word' id='word_1_111' title='bbox 243 1571 530 1581; x_wconf 95' lang='lat' dir='ltr'> </span> 
     </span>
    </p>
   </div>
   <div class='ocr_carea' id='block_1_5' title="bbox 243 1626 1812 2058">
    <p class='ocr_par' dir='ltr' id='par_1_5' title="bbox 313 1626 1810 1679">
     <span class='ocr_line' id='line_1_17' title="bbox 313 1626 1810 1679; baseline -0.001 -12"><span class='ocrx_word' id='word_1_112' title='bbox 313 1627 343 1677; x_wconf 74' lang='grc'>1)</span> <span class='ocrx_word' id='word_1_113' title='bbox 369 1626 590 1677; x_wconf 85' lang='lat' dir='ltr'>Dieterich,</span> <span class='ocrx_word' id='word_1_114' title='bbox 630 1627 700 1667; x_wconf 86' lang='lat' dir='ltr'>Kl.</span> <span class='ocrx_word' id='word_1_115' title='bbox 741 1626 854 1667; x_wconf 88' lang='lat' dir='ltr'>Schr.</span> <span class='ocrx_word' id='word_1_116' title='bbox 895 1639 934 1678; x_wconf 89' lang='lat' dir='ltr'>p.</span> <span class='ocrx_word' id='word_1_117' title='bbox 977 1626 1126 1679; x_wconf 81' lang='lat' dir='ltr'><em>97l983</em></span> <span class='ocrx_word' id='word_1_118' title='bbox 1170 1626 1339 1667; x_wconf 87' lang='lat' dir='ltr'>Diodori</span> <span class='ocrx_word' id='word_1_119' title='bbox 1378 1627 1491 1667; x_wconf 89' lang='lat' dir='ltr'>locus</span> <span class='ocrx_word' id='word_1_120' title='bbox 1531 1634 1592 1668; x_wconf 80' lang='lat' dir='ltr'>est</span> <span class='ocrx_word' id='word_1_121' title='bbox 1632 1628 1705 1677; x_wconf 89' lang='lat' dir='ltr'>IV,</span> <span class='ocrx_word' id='word_1_122' title='bbox 1747 1640 1810 1679; x_wconf 84' lang='lat'>39.</span> 
     </span>
    </p>

    <p class='ocr_par' dir='ltr' id='par_1_6' title="bbox 311 1691 893 1743">
     <span class='ocr_line' id='line_1_18' title="bbox 311 1691 893 1743; baseline 0 -11"><span class='ocrx_word' id='word_1_123' title='bbox 311 1692 342 1743; x_wconf 57' lang='grc' dir='ltr'>ἵ)</span> <span class='ocrx_word' id='word_1_124' title='bbox 369 1691 588 1733; x_wconf 79' lang='lat' dir='ltr'>Pausanias</span> <span class='ocrx_word' id='word_1_125' title='bbox 616 1691 707 1742; x_wconf 89' lang='lat' dir='ltr'>VII,</span> <span class='ocrx_word' id='word_1_126' title='bbox 739 1704 801 1743; x_wconf 90' lang='lat'>17,</span> <span class='ocrx_word' id='word_1_127' title='bbox 832 1704 893 1732; x_wconf 90' lang='lat'>11.</span> 
     </span>
    </p>

    <p class='ocr_par' dir='ltr' id='par_1_7' title="bbox 243 1755 1812 1941">
     <span class='ocr_line' id='line_1_19' title="bbox 311 1755 1812 1809; baseline 0.003 -15"><span class='ocrx_word' id='word_1_128' title='bbox 311 1758 342 1799; x_wconf 63' lang='grc' dir='ltr'><strong>η</strong></span> <span class='ocrx_word' id='word_1_129' title='bbox 376 1757 489 1808; x_wconf 78' lang='lat' dir='ltr'>Quid</span> <span class='ocrx_word' id='word_1_130' title='bbox 515 1757 639 1801; x_wconf 79' lang='grc' dir='ltr'>κόλπος</span> <span class='ocrx_word' id='word_1_131' title='bbox 667 1757 867 1809; x_wconf 89' lang='lat' dir='ltr'>significet</span> <span class='ocrx_word' id='word_1_132' title='bbox 894 1755 1154 1809; x_wconf 88' lang='lat' dir='ltr'>perspicuum</span> <span class='ocrx_word' id='word_1_133' title='bbox 1182 1764 1262 1807; x_wconf 86' lang='lat' dir='ltr'>est;</span> <span class='ocrx_word' id='word_1_134' title='bbox 1291 1756 1506 1807; x_wconf 88' lang='lat' dir='ltr'>Dieterich,</span> <span class='ocrx_word' id='word_1_135' title='bbox 1536 1757 1603 1797; x_wconf 86' lang='lat' dir='ltr'>Kl.</span> <span class='ocrx_word' id='word_1_136' title='bbox 1630 1757 1742 1798; x_wconf 88' lang='lat' dir='ltr'>Schr.</span> <span class='ocrx_word' id='word_1_137' title='bbox 1770 1770 1812 1809; x_wconf 90' lang='lat' dir='ltr'>p.</span> 
     </span>
     <span class='ocr_line' id='line_1_20' title="bbox 244 1821 1812 1876; baseline 0.001 -14"><span class='ocrx_word' id='word_1_138' title='bbox 244 1823 328 1876; x_wconf 79' lang='lat'><strong>98¹,</strong></span> <span class='ocrx_word' id='word_1_139' title='bbox 363 1823 521 1864; x_wconf 74' lang='lat' dir='ltr'>confert</span> <span class='ocrx_word' id='word_1_140' title='bbox 557 1824 774 1875; x_wconf 88' lang='lat' dir='ltr'>Hymnum</span> <span class='ocrx_word' id='word_1_141' title='bbox 811 1821 1021 1874; x_wconf 79' lang='lat' dir='ltr'>Magicum</span> <span class='ocrx_word' id='word_1_142' title='bbox 1055 1822 1114 1862; x_wconf 93' lang='lat'>111</span> <span class='ocrx_word' id='word_1_143' title='bbox 1150 1823 1197 1866; x_wconf 70' lang='grc' dir='ltr'>ιὶς</span> <span class='ocrx_word' id='word_1_144' title='bbox 1225 1822 1367 1862; x_wconf 80' lang='grc' dir='ltr'><strong><em>Ἑκάτην</em></strong></span> <span class='ocrx_word' id='word_1_145' title='bbox 1394 1823 1524 1871; x_wconf 81' lang='lat' dir='ltr'>(Abel,</span> <span class='ocrx_word' id='word_1_146' title='bbox 1551 1822 1743 1875; x_wconf 84' lang='lat' dir='ltr'>Orphica,</span> <span class='ocrx_word' id='word_1_147' title='bbox 1771 1835 1812 1875; x_wconf 87' lang='lat' dir='ltr'>p.</span> 
     </span>
     <span class='ocr_line' id='line_1_21' title="bbox 243 1888 448 1941; baseline 0 -11"><span class='ocrx_word' id='word_1_148' title='bbox 243 1901 335 1941; x_wconf 73' lang='lat'><em>290,</em></span> <span class='ocrx_word' id='word_1_149' title='bbox 367 1888 448 1940; x_wconf 81' lang='lat'>19):</span> 
     </span>
    </p>

    <p class='ocr_par' dir='ltr' id='par_1_8' title="bbox 534 1953 1473 2058">
     <span class='ocr_line' id='line_1_22' title="bbox 534 1953 1473 1998; baseline -0.001 -6"><span class='ocrx_word' id='word_1_150' title='bbox 534 1955 563 1992; x_wconf 80' lang='grc' dir='ltr'>ιὶ</span> <span class='ocrx_word' id='word_1_151' title='bbox 589 1953 630 1992; x_wconf 76' lang='grc' dir='ltr'>δι’</span> <span class='ocrx_word' id='word_1_152' title='bbox 654 1954 720 1992; x_wconf 80' lang='grc' dir='ltr'><strong><em>τιν’</em></strong></span> <span class='ocrx_word' id='word_1_153' title='bbox 747 1953 852 1992; x_wconf 74' lang='grc' dir='ltr'><strong><em>ἄλλον</em></strong></span> <span class='ocrx_word' id='word_1_154' title='bbox 878 1953 965 1997; x_wconf 63' lang='lat' dir='ltr'>note</span> <span class='ocrx_word' id='word_1_155' title='bbox 992 1954 1026 1992; x_wconf 74' lang='grc' dir='ltr'>ἒν</span> <span class='ocrx_word' id='word_1_156' title='bbox 1052 1954 1189 1998; x_wconf 74' lang='grc' dir='ltr'>κόλποις</span> <span class='ocrx_word' id='word_1_157' title='bbox 1217 1953 1254 1998; x_wconf 75' lang='grc' dir='ltr'>ὃς</span> <span class='ocrx_word' id='word_1_158' title='bbox 1279 1957 1473 1992; x_wconf 75' lang='grc' dir='ltr'><strong><em>κατάκειται</em></strong></span> 
     </span>
     <span class='ocr_line' id='line_1_23' title="bbox 534 2021 863 2058; baseline 0.003 -1"><span class='ocrx_word' id='word_1_159' title='bbox 534 2025 640 2057; x_wconf 61' lang='lat' dir='ltr'>nium</span> <span class='ocrx_word' id='word_1_160' title='bbox 666 2021 863 2058; x_wconf 78' lang='grc' dir='ltr'>ἀπωσάσθω</span> 
     </span>
    </p>
   </div>
   <div class='ocr_carea' id='block_1_6' title="bbox 240 2120 1812 2304">
    <p class='ocr_par' dir='ltr' id='par_1_9' title="bbox 240 2120 1812 2304">
     <span class='ocr_line' id='line_1_24' title="bbox 242 2120 1810 2173; baseline -0.001 -12"><span class='ocrx_word' id='word_1_161' title='bbox 242 2127 284 2162; x_wconf 89' lang='lat' dir='ltr'>et</span> <span class='ocrx_word' id='word_1_162' title='bbox 306 2120 494 2161; x_wconf 75' lang='lat' dir='ltr'>adnotat:</span> <span class='ocrx_word' id='word_1_163' title='bbox 510 2121 590 2171; x_wconf 88' lang='lat' dir='ltr'>„de</span> <span class='ocrx_word' id='word_1_164' title='bbox 617 2128 732 2161; x_wconf 89' lang='lat' dir='ltr'>utero</span> <span class='ocrx_word' id='word_1_165' title='bbox 759 2128 975 2173; x_wconf 83' lang='lat' dir='ltr'>usurpatur</span> <span class='ocrx_word' id='word_1_166' title='bbox 1002 2128 1042 2161; x_wconf 92' lang='lat' dir='ltr'>et</span> <span class='ocrx_word' id='word_1_167' title='bbox 1068 2121 1188 2159; x_wconf 79' lang='grc' dir='ltr'>κόλποι</span> <span class='ocrx_word' id='word_1_168' title='bbox 1215 2120 1447 2173; x_wconf 81' lang='lat' dir='ltr'>saepissime</span> <span class='ocrx_word' id='word_1_169' title='bbox 1474 2127 1515 2161; x_wconf 91' lang='lat' dir='ltr'>et</span> <span class='ocrx_word' id='word_1_170' title='bbox 1537 2121 1674 2170; x_wconf 78' lang='grc' dir='ltr'>κόλπος,</span> <span class='ocrx_word' id='word_1_171' title='bbox 1697 2120 1810 2160; x_wconf 82' lang='lat' dir='ltr'>Sext.</span> 
     </span>
     <span class='ocr_line' id='line_1_25' title="bbox 240 2184 1812 2238; baseline -0.001 -12"><span class='ocrx_word' id='word_1_172' title='bbox 240 2186 361 2238; x_wconf 84' lang='lat' dir='ltr'>Emp.</span> <span class='ocrx_word' id='word_1_173' title='bbox 388 2186 480 2227; x_wconf 74' lang='lat' dir='ltr'>adv,</span> <span class='ocrx_word' id='word_1_174' title='bbox 507 2187 632 2226; x_wconf 85' lang='lat' dir='ltr'>math.</span> <span class='ocrx_word' id='word_1_175' title='bbox 660 2187 699 2225; x_wconf 88' lang='lat' dir='ltr'>V</span> <span class='ocrx_word' id='word_1_176' title='bbox 727 2187 792 2236; x_wconf 79' lang='lat'>62,</span> <span class='ocrx_word' id='word_1_177' title='bbox 820 2186 917 2227; x_wconf 89' lang='lat' dir='ltr'>Poll.</span> <span class='ocrx_word' id='word_1_178' title='bbox 943 2187 983 2226; x_wconf 90' lang='lat'>11</span> <span class='ocrx_word' id='word_1_179' title='bbox 1012 2185 1129 2226; x_wconf 52' lang='grc' dir='ltr'><strong><em>καθ’.</em></strong></span> <span class='ocrx_word' id='word_1_180' title='bbox 1156 2186 1270 2226; x_wconf 85' lang='lat' dir='ltr'>Idem</span> <span class='ocrx_word' id='word_1_181' title='bbox 1297 2185 1407 2226; x_wconf 84' lang='lat' dir='ltr'>aliud</span> <span class='ocrx_word' id='word_1_182' title='bbox 1435 2187 1665 2238; x_wconf 89' lang='lat' dir='ltr'>exemplum</span> <span class='ocrx_word' id='word_1_183' title='bbox 1698 2184 1812 2225; x_wconf 86' lang='lat' dir='ltr'>addit</span> 
     </span>
     <span class='ocr_line' id='line_1_26' title="bbox 241 2250 1809 2304; baseline -0.001 -13"><span class='ocrx_word' id='word_1_184' title='bbox 241 2250 380 2304; x_wconf 85' lang='lat' dir='ltr'>„quod</span> <span class='ocrx_word' id='word_1_185' title='bbox 399 2251 453 2291; x_wconf 90' lang='lat' dir='ltr'>de</span> <span class='ocrx_word' id='word_1_186' title='bbox 469 2252 632 2303; x_wconf 88' lang='lat' dir='ltr'>Junone</span> <span class='ocrx_word' id='word_1_187' title='bbox 653 2252 751 2292; x_wconf 85' lang='lat' dir='ltr'>flore</span> <span class='ocrx_word' id='word_1_188' title='bbox 771 2251 980 2303; x_wconf 74' lang='lat' dir='ltr'>gravidata</span> <span class='ocrx_word' id='word_1_189' title='bbox 999 2250 1147 2292; x_wconf 87' lang='lat' dir='ltr'>dicitur</span> <span class='ocrx_word' id='word_1_190' title='bbox 1167 2251 1278 2303; x_wconf 90' lang='lat' dir='ltr'>apud</span> <span class='ocrx_word' id='word_1_191' title='bbox 1300 2251 1421 2293; x_wconf 86' lang='lat' dir='ltr'>Ovid.</span> <span class='ocrx_word' id='word_1_192' title='bbox 1442 2251 1485 2291; x_wconf 88' lang='lat' dir='ltr'>in</span> <span class='ocrx_word' id='word_1_193' title='bbox 1507 2252 1614 2292; x_wconf 82' lang='lat' dir='ltr'>Fast.</span> <span class='ocrx_word' id='word_1_194' title='bbox 1637 2252 1690 2299; x_wconf 91' lang='lat' dir='ltr'>V,</span> <span class='ocrx_word' id='word_1_195' title='bbox 1714 2253 1809 2302; x_wconf 77' lang='lat'>256:</span> 
     </span>
    </p>
   </div>
   <div class='ocr_carea' id='block_1_7' title="bbox 588 2352 1456 2406">
    <p class='ocr_par' dir='ltr' id='par_1_10' title="bbox 588 2352 1456 2406">
     <span class='ocr_line' id='line_1_27' title="bbox 588 2352 1456 2406; baseline -0.001 -12"><span class='ocrx_word' id='word_1_196' title='bbox 588 2353 796 2406; x_wconf 78' lang='lat' dir='ltr'>„tangitur</span> <span class='ocrx_word' id='word_1_197' title='bbox 822 2360 862 2394; x_wconf 90' lang='lat' dir='ltr'>et</span> <span class='ocrx_word' id='word_1_198' title='bbox 890 2361 999 2394; x_wconf 71' lang='lat' dir='ltr'>tacto</span> <span class='ocrx_word' id='word_1_199' title='bbox 1026 2352 1205 2405; x_wconf 85' lang='lat' dir='ltr'>concipit</span> <span class='ocrx_word' id='word_1_200' title='bbox 1231 2352 1299 2393; x_wconf 85' lang='lat' dir='ltr'>illa</span> <span class='ocrx_word' id='word_1_201' title='bbox 1324 2353 1456 2403; x_wconf 86' lang='lat' dir='ltr'>sinu’&#39;,</span> 
     </span>
    </p>
   </div>
   <div class='ocr_carea' id='block_1_8' title="bbox 240 2453 1811 3031">
    <p class='ocr_par' dir='ltr' id='par_1_11' title="bbox 240 2453 1811 3031">
     <span class='ocr_line' id='line_1_28' title="bbox 241 2453 1810 2507; baseline -0.001 -12"><span class='ocrx_word' id='word_1_202' title='bbox 241 2460 284 2494; x_wconf 80' lang='lat' dir='ltr'>et</span> <span class='ocrx_word' id='word_1_203' title='bbox 309 2453 658 2506; x_wconf 80' lang='lat' dir='ltr'>(Mithrasliturgie</span> <span class='ocrx_word' id='word_1_204' title='bbox 682 2467 724 2507; x_wconf 87' lang='lat' dir='ltr'>p.</span> <span class='ocrx_word' id='word_1_205' title='bbox 756 2454 848 2507; x_wconf 83' lang='lat'>136)</span> <span class='ocrx_word' id='word_1_206' title='bbox 874 2454 1032 2495; x_wconf 80' lang='lat' dir='ltr'>confert</span> <span class='ocrx_word' id='word_1_207' title='bbox 1056 2455 1252 2495; x_wconf 88' lang='lat' dir='ltr'>Indorum</span> <span class='ocrx_word' id='word_1_208' title='bbox 1275 2454 1411 2504; x_wconf 86' lang='lat' dir='ltr'>ritum,</span> <span class='ocrx_word' id='word_1_209' title='bbox 1448 2467 1571 2507; x_wconf 91' lang='lat' dir='ltr'>quem</span> <span class='ocrx_word' id='word_1_210' title='bbox 1599 2454 1810 2504; x_wconf 76' lang='lat' dir='ltr'>Coleman,</span> 
     </span>
     <span class='ocr_line' id='line_1_29' title="bbox 241 2518 1809 2572; baseline 0 -13"><span class='ocrx_word' id='word_1_211' title='bbox 241 2518 537 2572; x_wconf 79' lang='lat' dir='ltr'>Hindu-Myth.</span> <span class='ocrx_word' id='word_1_212' title='bbox 579 2533 620 2572; x_wconf 92' lang='lat' dir='ltr'>p.</span> <span class='ocrx_word' id='word_1_213' title='bbox 666 2530 755 2572; x_wconf 84' lang='lat'>151,</span> <span class='ocrx_word' id='word_1_214' title='bbox 782 2519 1013 2572; x_wconf 82' lang='lat' dir='ltr'>descripsit:</span> <span class='ocrx_word' id='word_1_215' title='bbox 1048 2521 1136 2570; x_wconf 87' lang='lat' dir='ltr'>„sor</span> <span class='ocrx_word' id='word_1_216' title='bbox 1161 2521 1231 2560; x_wconf 89' lang='lat' dir='ltr'>the</span> <span class='ocrx_word' id='word_1_217' title='bbox 1257 2532 1434 2572; x_wconf 89' lang='lat' dir='ltr'>purpose</span> <span class='ocrx_word' id='word_1_218' title='bbox 1461 2520 1508 2560; x_wconf 85' lang='lat' dir='ltr'>of</span> <span class='ocrx_word' id='word_1_219' title='bbox 1529 2518 1809 2571; x_wconf 82' lang='lat' dir='ltr'>regeneration</span> 
     </span>
     <span class='ocr_line' id='line_1_30' title="bbox 240 2582 1811 2638; baseline -0.001 -12"><span class='ocrx_word' id='word_1_220' title='bbox 240 2582 273 2626; x_wconf 87' lang='lat' dir='ltr'>it</span> <span class='ocrx_word' id='word_1_221' title='bbox 298 2583 333 2625; x_wconf 84' lang='lat' dir='ltr'>is</span> <span class='ocrx_word' id='word_1_222' title='bbox 359 2584 541 2626; x_wconf 85' lang='lat' dir='ltr'>directed</span> <span class='ocrx_word' id='word_1_223' title='bbox 568 2593 611 2626; x_wconf 91' lang='lat' dir='ltr'>to</span> <span class='ocrx_word' id='word_1_224' title='bbox 637 2586 757 2626; x_wconf 87' lang='lat' dir='ltr'>make</span> <span class='ocrx_word' id='word_1_225' title='bbox 780 2598 832 2625; x_wconf 87' lang='lat' dir='ltr'>an</span> <span class='ocrx_word' id='word_1_226' title='bbox 860 2584 994 2638; x_wconf 82' lang='lat' dir='ltr'>image</span> <span class='ocrx_word' id='word_1_227' title='bbox 1020 2586 1067 2626; x_wconf 83' lang='lat' dir='ltr'>os</span> <span class='ocrx_word' id='word_1_228' title='bbox 1089 2598 1190 2638; x_wconf 87' lang='lat' dir='ltr'>pure</span> <span class='ocrx_word' id='word_1_229' title='bbox 1215 2585 1323 2637; x_wconf 81' lang='lat' dir='ltr'>gold,</span> <span class='ocrx_word' id='word_1_230' title='bbox 1352 2586 1398 2626; x_wconf 83' lang='lat' dir='ltr'>os</span> <span class='ocrx_word' id='word_1_231' title='bbox 1420 2586 1489 2625; x_wconf 91' lang='lat' dir='ltr'>the</span> <span class='ocrx_word' id='word_1_232' title='bbox 1511 2584 1655 2625; x_wconf 82' lang='lat' dir='ltr'>female</span> <span class='ocrx_word' id='word_1_233' title='bbox 1676 2596 1811 2636; x_wconf 84' lang='lat' dir='ltr'>power</span> 
     </span>
     <span class='ocr_line' id='line_1_31' title="bbox 240 2649 1809 2703; baseline -0.001 -13"><span class='ocrx_word' id='word_1_234' title='bbox 240 2649 288 2690; x_wconf 77' lang='lat' dir='ltr'>of</span> <span class='ocrx_word' id='word_1_235' title='bbox 308 2657 466 2702; x_wconf 78' lang='lat' dir='ltr'>nature,</span> <span class='ocrx_word' id='word_1_236' title='bbox 490 2649 533 2691; x_wconf 88' lang='lat' dir='ltr'>in</span> <span class='ocrx_word' id='word_1_237' title='bbox 560 2651 631 2692; x_wconf 88' lang='lat' dir='ltr'>the</span> <span class='ocrx_word' id='word_1_238' title='bbox 656 2651 782 2703; x_wconf 77' lang='lat' dir='ltr'>shape</span> <span class='ocrx_word' id='word_1_239' title='bbox 808 2650 935 2691; x_wconf 85' lang='lat' dir='ltr'>either</span> <span class='ocrx_word' id='word_1_240' title='bbox 960 2651 1008 2691; x_wconf 81' lang='lat' dir='ltr'>of</span> <span class='ocrx_word' id='word_1_241' title='bbox 1029 2664 1053 2691; x_wconf 84' lang='lat' dir='ltr'>a</span> <span class='ocrx_word' id='word_1_242' title='bbox 1077 2662 1234 2691; x_wconf 75' lang='lat' dir='ltr'>woman</span> <span class='ocrx_word' id='word_1_243' title='bbox 1255 2663 1302 2691; x_wconf 82' lang='lat' dir='ltr'>or</span> <span class='ocrx_word' id='word_1_244' title='bbox 1320 2651 1367 2691; x_wconf 85' lang='lat' dir='ltr'>of</span> <span class='ocrx_word' id='word_1_245' title='bbox 1381 2662 1481 2691; x_wconf 65' lang='grc' dir='ltr'>εον.</span> <span class='ocrx_word' id='word_1_246' title='bbox 1507 2651 1557 2690; x_wconf 87' lang='lat' dir='ltr'>In</span> <span class='ocrx_word' id='word_1_247' title='bbox 1577 2649 1655 2690; x_wconf 85' lang='lat' dir='ltr'>this</span> <span class='ocrx_word' id='word_1_248' title='bbox 1674 2656 1809 2690; x_wconf 83' lang='lat' dir='ltr'>statue</span> 
     </span>
     <span class='ocr_line' id='line_1_32' title="bbox 241 2714 1810 2768; baseline -0.001 -12"><span class='ocrx_word' id='word_1_249' title='bbox 241 2714 311 2756; x_wconf 84' lang='lat' dir='ltr'>the</span> <span class='ocrx_word' id='word_1_250' title='bbox 348 2727 495 2768; x_wconf 80' lang='lat' dir='ltr'>person</span> <span class='ocrx_word' id='word_1_251' title='bbox 535 2723 579 2757; x_wconf 92' lang='lat' dir='ltr'>to</span> <span class='ocrx_word' id='word_1_252' title='bbox 617 2716 670 2757; x_wconf 89' lang='lat' dir='ltr'>be</span> <span class='ocrx_word' id='word_1_253' title='bbox 710 2716 974 2768; x_wconf 77' lang='lat' dir='ltr'>regenerated</span> <span class='ocrx_word' id='word_1_254' title='bbox 1013 2715 1047 2757; x_wconf 87' lang='lat' dir='ltr'>is</span> <span class='ocrx_word' id='word_1_255' title='bbox 1088 2716 1278 2757; x_wconf 89' lang='lat' dir='ltr'>enclosed</span> <span class='ocrx_word' id='word_1_256' title='bbox 1316 2716 1398 2755; x_wconf 88' lang='lat' dir='ltr'>and</span> <span class='ocrx_word' id='word_1_257' title='bbox 1426 2714 1608 2767; x_wconf 82' lang='lat' dir='ltr'>dragged</span> <span class='ocrx_word' id='word_1_258' title='bbox 1635 2714 1810 2766; x_wconf 83' lang='lat' dir='ltr'>through</span> 
     </span>
     <span class='ocr_line' id='line_1_33' title="bbox 241 2778 1809 2835; baseline -0.003 -13"><span class='ocrx_word' id='word_1_259' title='bbox 241 2780 311 2823; x_wconf 84' lang='lat' dir='ltr'>the</span> <span class='ocrx_word' id='word_1_260' title='bbox 349 2781 465 2822; x_wconf 69' lang='lat' dir='ltr'>muas</span> <span class='ocrx_word' id='word_1_261' title='bbox 503 2782 717 2823; x_wconf 70' lang='lat' dir='ltr'>channeP‘.</span> <span class='ocrx_word' id='word_1_262' title='bbox 764 2781 1016 2835; x_wconf 79' lang='lat' dir='ltr'>Comparetti</span> <span class='ocrx_word' id='word_1_263' title='bbox 1056 2782 1107 2822; x_wconf 80' lang='lat' dir='ltr'>Ll.</span> <span class='ocrx_word' id='word_1_264' title='bbox 1137 2795 1178 2833; x_wconf 86' lang='lat' dir='ltr'>p.</span> <span class='ocrx_word' id='word_1_265' title='bbox 1216 2782 1266 2821; x_wconf 80' lang='lat'>28</span> <span class='ocrx_word' id='word_1_266' title='bbox 1299 2782 1455 2822; x_wconf 82' lang='lat' dir='ltr'>confert</span> <span class='ocrx_word' id='word_1_267' title='bbox 1482 2778 1657 2830; x_wconf 58' lang='lat' dir='ltr'>„murm”</span> <span class='ocrx_word' id='word_1_268' title='bbox 1684 2780 1809 2818; x_wconf 78' lang='grc' dir='ltr'>κόλπον</span> 
     </span>
     <span class='ocr_line' id='line_1_34' title="bbox 241 2845 1808 2900; baseline -0.001 -14"><span class='ocrx_word' id='word_1_269' title='bbox 241 2845 417 2897; x_wconf 73' lang='lat' dir='ltr'>(Kaibel,</span> <span class='ocrx_word' id='word_1_270' title='bbox 443 2845 583 2899; x_wconf 79' lang='lat' dir='ltr'>Epigr.</span> <span class='ocrx_word' id='word_1_271' title='bbox 623 2847 696 2888; x_wconf 86' lang='lat' dir='ltr'>Gr.</span> <span class='ocrx_word' id='word_1_272' title='bbox 725 2852 820 2899; x_wconf 81' lang='lat'><strong>237)</strong></span> <span class='ocrx_word' id='word_1_273' title='bbox 848 2855 889 2888; x_wconf 88' lang='lat' dir='ltr'>et</span> <span class='ocrx_word' id='word_1_274' title='bbox 913 2846 1040 2886; x_wconf 75' lang='grc' dir='ltr'><strong><em>κόλπον</em></strong></span> <span class='ocrx_word' id='word_1_275' title='bbox 1067 2846 1230 2900; x_wconf 78' lang='grc' dir='ltr'>Ἀβραάμ</span> <span class='ocrx_word' id='word_1_276' title='bbox 1259 2847 1431 2899; x_wconf 78' lang='lat' dir='ltr'>(Evang.</span> <span class='ocrx_word' id='word_1_277' title='bbox 1459 2847 1558 2887; x_wconf 90' lang='lat' dir='ltr'>Luc.</span> <span class='ocrx_word' id='word_1_278' title='bbox 1587 2846 1698 2894; x_wconf 87' lang='lat' dir='ltr'>XVI,</span> <span class='ocrx_word' id='word_1_279' title='bbox 1728 2848 1808 2895; x_wconf 79' lang='lat'>22),</span> 
     </span>
     <span class='ocr_line' id='line_1_35' title="bbox 241 2909 1808 2965; baseline -0.003 -13"><span class='ocrx_word' id='word_1_280' title='bbox 241 2910 314 2952; x_wconf 78' lang='lat' dir='ltr'>ned</span> <span class='ocrx_word' id='word_1_281' title='bbox 339 2922 476 2964; x_wconf 83' lang='lat' dir='ltr'>neque</span> <span class='ocrx_word' id='word_1_282' title='bbox 501 2912 563 2952; x_wconf 84' lang='lat' dir='ltr'>his</span> <span class='ocrx_word' id='word_1_283' title='bbox 590 2911 783 2964; x_wconf 85' lang='lat' dir='ltr'>exemplis</span> <span class='ocrx_word' id='word_1_284' title='bbox 809 2924 946 2965; x_wconf 89' lang='lat' dir='ltr'>neque</span> <span class='ocrx_word' id='word_1_285' title='bbox 965 2912 1170 2953; x_wconf 86' lang='lat' dir='ltr'>locutione</span> <span class='ocrx_word' id='word_1_286' title='bbox 1190 2925 1232 2964; x_wconf 94' lang='lat' dir='ltr'>q.</span> <span class='ocrx_word' id='word_1_287' title='bbox 1248 2924 1284 2953; x_wconf 89' lang='lat' dir='ltr'>e.</span> <span class='ocrx_word' id='word_1_288' title='bbox 1305 2911 1458 2964; x_wconf 54' lang='grc' dir='ltr'>,μητρὸς</span> <span class='ocrx_word' id='word_1_289' title='bbox 1471 2913 1568 2963; x_wconf 73' lang='grc' dir='ltr'><strong><em>γαίης</em></strong></span> <span class='ocrx_word' id='word_1_290' title='bbox 1584 2909 1808 2953; x_wconf 48' lang='lat' dir='ltr'>kindina?</span> 
     </span>
     <span class='ocr_line' id='line_1_36' title="bbox 241 2973 1808 3031; baseline 0.001 -15"><span class='ocrx_word' id='word_1_291' title='bbox 241 2973 404 3028; x_wconf 69' lang='lat' dir='ltr'>(Kaibel</span> <span class='ocrx_word' id='word_1_292' title='bbox 439 2977 492 3018; x_wconf 85' lang='lat'>1.1.</span> <span class='ocrx_word' id='word_1_293' title='bbox 528 2990 668 3028; x_wconf 76' lang='lat'>422,2;</span> <span class='ocrx_word' id='word_1_294' title='bbox 708 2978 760 3019; x_wconf 84' lang='lat' dir='ltr'>cf.</span> <span class='ocrx_word' id='word_1_295' title='bbox 793 2979 904 3030; x_wconf 82' lang='lat'><strong>56,1;</strong></span> <span class='ocrx_word' id='word_1_296' title='bbox 946 2979 1060 3029; x_wconf 82' lang='lat'>88,8;</span> <span class='ocrx_word' id='word_1_297' title='bbox 1090 2978 1224 3031; x_wconf 77' lang='lat'>214,7)</span> <span class='ocrx_word' id='word_1_298' title='bbox 1251 2990 1388 3018; x_wconf 85' lang='lat' dir='ltr'>versus</span> <span class='ocrx_word' id='word_1_299' title='bbox 1417 2984 1554 3018; x_wconf 86' lang='lat' dir='ltr'>noster</span> <span class='ocrx_word' id='word_1_300' title='bbox 1579 2976 1808 3017; x_wconf 84' lang='lat' dir='ltr'>illustratur.</span> 
     </span>
    </p>
   </div>
  </div>
 </body>
</html>
