2176 3450
1131 336 1218 368 122

393 464 555 512 sidera
575 465 623 526 1),
671 461 807 509 Arcti
854 469 1062 523 partem,
1110 457 1157 504 in
1206 456 1315 520 ipso
1361 455 1523 508 lacteo
1569 460 1692 509 orbe
1732 468 1864 507 stare
1905 464 1956 504 et

392 546 671 610 Euripidem
692 549 725 604 ⁸)
767 552 967 607 poetam
1003 541 1112 605 ipso
1147 539 1228 587 illo
1264 541 1420 589 verbo
1453 539 1685 596 ἐμπίπτειν
1717 538 1782 590 εἷς
1814 556 1955 588 usum

393 646 504 678 esse
528 638 581 676 ut
604 627 750 676 animi
775 627 822 673 in
848 624 1040 673 coelum
1067 623 1285 672 volatum
1314 623 1611 689 designaret.
1643 622 1760 682 Sed,
1789 640 1956 687 quam-

393 728 539 776 quam
569 711 693 759 haec
722 709 791 757 ita
819 724 874 756 se
903 707 1104 763 habent,
1134 706 1359 754 Reinach
1377 705 1644 755 Dieterichi
1662 706 1956 755 sententiam

392 793 692 858 repudiavit:
745 791 923 850 „Cette
975 789 1187 837 solution
1241 789 1368 837 n‘est
1416 806 1508 853 pas
1558 788 1852 847 admissible‚
1905 798 1957 837 et

392 876 498 925 cela
542 892 632 939 par
673 874 720 922 la
766 873 938 936 simple
983 873 1145 921 raison
1191 889 1287 936 que
1333 872 1454 930 rien,
1496 872 1621 920 dans
1664 888 1821 920 aucun
1866 871 1958 920 des

392 959 503 1023 cinq
535 968 696 1006 textes
737 955 1025 1020 Orphiques
1071 955 1264 1003 inscrits
1308 972 1391 1003 sur
1433 955 1524 1003 des
1567 954 1788 1003 lamelles
1831 954 1954 1012 d’or,

392 1059 454 1090 ne
483 1041 568 1089 fait
595 1039 798 1088 allusion
828 1039 857 1086 a
885 1037 932 1086 la
960 1054 1207 1102 croyance
1238 1038 1302 1086 de
1333 1038 1380 1086 la
1409 1037 1673 1102 migration
1700 1037 1791 1086 des
1816 1037 1957 1086 ames

391 1142 504 1173 vers
532 1124 578 1171 le
606 1122 742 1171 ciel.”
773 1121 1094 1170 Reinachium
1115 1121 1404 1169 Dietericho
1422 1121 1731 1185 persuasisse
1749 1130 1958 1185 apparet

391 1225 452 1256 ex
500 1223 562 1255 eo
607 1206 741 1270 quod
785 1205 848 1253 D.
895 1205 942 1253 in
988 1204 1111 1253 libro
1155 1222 1196 1252 c.
1216 1215 1248 1252 t.
1297 1203 1453 1263 „Eine
1488 1202 1954 1268 Mithraslithurgie”

458 1338 489 1388 1)
519 1337 623 1377 Vide
663 1337 843 1376 Macrob.
885 1337 1046 1375 Comm.
1089 1335 1130 1374 in
1173 1335 1383 1375 Somnium
1412 1335 1608 1387 Scipionis
1635 1336 1667 1384 1,
1695 1348 1731 1374 c.
1763 1347 1831 1375 ηε
1859 1347 1958 1385 „per

390 1404 461 1443 has
502 1410 636 1455 portas
676 1402 773 1450 (scil.
815 1401 1107 1452 Capricornum
1146 1409 1186 1440 et
1227 1401 1444 1451 Cancrum)
1480 1400 1638 1440 animae
1674 1401 1726 1440 de
1759 1400 1872 1440 coelo
1913 1399 1953 1439 in

392 1476 514 1509 terras
534 1480 666 1507 meare
685 1475 725 1507 et
743 1468 795 1506 de
815 1467 928 1506 terris
947 1467 989 1505 in
1008 1467 1166 1506 coelum
1185 1479 1362 1505 remeare
1375 1466 1608 1506 creduntur.
1634 1466 1733 1505 Ideo
1747 1465 1958 1505 hominum

391 1547 484 1582 una,
522 1534 645 1573 altera
680 1533 848 1572 deorum
882 1540 1069 1572 vocatur:
1108 1531 1319 1571 hominum
1354 1532 1524 1580 Cancer,
1562 1530 1658 1583 quia
1680 1544 1752 1582 per
1778 1532 1888 1570 hunc
1914 1530 1957 1570 in

390 1598 577 1638 inferiora
604 1599 821 1638 descensus
849 1605 920 1646 est,
948 1597 1217 1648 Capricornus
1245 1598 1413 1636 deorum
1440 1596 1537 1648 quia
1563 1609 1635 1648 per
1660 1596 1771 1636 illum
1798 1595 1958 1635 animae

389 1664 431 1704 in
460 1663 645 1715 propriae
672 1662 979 1702 immortalitatis
995 1663 1131 1701 sedem
1148 1670 1187 1701 et
1209 1662 1251 1701 in
1270 1662 1436 1701 deorum
1456 1674 1671 1701 numerum
1690 1669 1957 1702 revertuntur.

390 1731 441 1769 Et
458 1731 535 1769 hoc
553 1737 613 1768 est
626 1729 736 1779 quod
752 1727 924 1767 Homeri
938 1727 1074 1767 divina
1087 1727 1302 1779 prudentia
1315 1727 1356 1766 in
1372 1726 1477 1767 antri
1490 1726 1675 1767 Ithacesii
1689 1726 1957 1778 descriptione

390 1795 607 1846 significat.
627 1793 739 1833 Hinc
760 1801 799 1833 et
817 1794 1062 1844 Pythagoras
1079 1801 1196 1844 putat
1216 1806 1240 1832 a
1257 1794 1386 1832 lacteo
1403 1792 1553 1832 circulo
1571 1793 1759 1832 deorsum
1779 1791 1957 1844 incipere

390 1860 495 1900 Ditis
530 1859 756 1911 imperium,
793 1858 889 1910 quia
924 1859 1083 1898 animae
1117 1858 1213 1898 inde
1249 1860 1384 1910 lapsae
1418 1858 1607 1898 videntur
1641 1857 1722 1897 iam
1753 1870 1778 1897 a
1803 1857 1957 1909 superis

390 1925 610 1965 recessisse.
651 1925 749 1964 Ideo
789 1924 959 1976 primam
1000 1924 1260 1963 nascentibus
1302 1923 1434 1963 offerri
1475 1923 1531 1963 ait
1567 1922 1679 1963 lactis
1713 1922 1956 1972 alimoniam,

391 1990 488 2042 quia
515 1990 667 2042 primus
696 1990 752 2029 eis
780 1998 914 2029 motus
941 2003 966 2029 a
983 1990 1113 2029 lacteo
1131 1989 1274 2040 incipit
1293 1988 1336 2028 in
1356 2002 1526 2040 corpora
1545 1997 1704 2028 terrena
1715 1987 1957 2028 labentibus.

390 2057 513 2096 Unde
550 2064 589 2095 et
625 2055 803 2106 Scipioni
838 2056 890 2094 de
925 2054 1068 2094 animis
1105 2055 1314 2102 beatorum
1351 2062 1515 2094 ostenso
1551 2054 1680 2094 lacteo
1715 2053 1869 2094 dictum
1897 2060 1957 2093 est

390 2121 511 2170 „hinc
537 2120 706 2171 profecti
733 2121 812 2159 huc
840 2120 1131 2159 revertuntur.”
1160 2120 1223 2159 Cf.
1251 2121 1397 2171 Porph.
1427 2120 1478 2159 de
1506 2127 1609 2159 antr.
1635 2120 1804 2171 nymph.
1832 2119 1957 2168 locus,

390 2199 513 2238 quem
541 2198 663 2236 supra
691 2185 893 2237 exscripsi,
922 2193 962 2224 et
989 2198 1025 2225 c.
1056 2199 1127 2224 22:
1153 2184 1217 2222 δύο
1245 2184 1302 2223 οὗν
1329 2187 1458 2228 ταύτας
1478 2184 1587 2222 ἔθεντο
1605 2186 1716 2227 πύλας
1733 2186 1886 2237 καρκίνον
1900 2185 1958 2222 καὶ

389 2252 569 2303 αἰγόκερων
603 2252 634 2288 οἱ
669 2252 830 2300 θεολόγοι,
862 2251 1005 2288 Πλάτων
1039 2250 1079 2287 δὲ
1105 2250 1169 2288 δύο
1209 2251 1336 2301 στόμια
1371 2249 1442 2300 ἔφη·
1478 2253 1607 2288 τούτων
1642 2249 1682 2287 δὲ
1716 2251 1869 2302 καρκίνον
1895 2248 1957 2300 μὶν

389 2315 473 2354 εἶναι
507 2316 555 2353 δι’
592 2316 632 2355 οὗ
665 2318 820 2353 κατίασιν
856 2317 893 2352 αἱ
932 2317 1056 2367 ψυχαί,
1084 2317 1265 2368 αἰγόκερων
1307 2315 1346 2353 δὲ
1373 2315 1419 2353 δι’
1447 2315 1485 2354 οὗ
1513 2317 1660 2353 ἀνίασιν*
1689 2315 1780 2353 ἀλλὰ
1804 2316 1956 2367 καρκίνος

389 2381 451 2433 μὲν
485 2382 616 2434 βόρειος
650 2383 707 2418 καὶ
738 2381 977 2432 καταβατικός,
1009 2381 1190 2434 ἀὶγόκερως
1218 2381 1257 2418 δὲ
1283 2381 1392 2424 νότιος
1419 2383 1476 2419 καὶ
1503 2382 1720 2432 ἀναβατικός·
1747 2379 1821 2418 ἔστι
1847 2379 1887 2417 δὲ
1911 2379 1958 2418 τά

390 2447 451 2498 μὲν
477 2448 595 2500 βόρεια
620 2448 741 2498 ψυχῶν
768 2449 814 2490 εἰς
840 2449 968 2497 γένεσιν
994 2454 1192 2497 κατιουσῶν,
1235 2476 1242 2484 .
1261 2478 1270 2487 .
1289 2447 1356 2485 ,τὰ
1390 2446 1431 2484 δὲ
1463 2447 1560 2484 νότια
1588 2449 1627 2484 οὐ
1653 2449 1746 2496 θεῶν,
1773 2446 1864 2483 ἀλλὰ
1889 2452 1956 2483 τῶν

391 2514 436 2556 εὶς
464 2513 556 2555 θεοὺς
582 2514 761 2551 ἀνιουσῶν.

458 2578 488 2624 2)
515 2579 609 2621 Eur,
640 2578 730 2617 Hel.
759 2591 797 2617 V.
831 2578 931 2616 1016
959 2590 1051 2628 seq:

1271 2672 1277 2679 .
1298 2671 1308 2681 .
1324 2672 1332 2680 .
1351 2672 1360 2681 .
1376 2641 1395 2679 ‘o
1421 2646 1498 2684 νοῦς

707 2713 775 2744 τῶν
801 2707 1030 2744 κατθανόντων
1059 2711 1099 2759 ζῇ
1128 2705 1188 2756 μὲν
1217 2708 1255 2743 οὐ
1282 2709 1418 2757 γνώμην
1440 2706 1475 2743 δ’
1503 2705 1576 2758 ἔχει

708 2774 888 2820 ἀθάνατον,
915 2775 961 2814 εἰς
987 2774 1156 2809 ἀθάνατον
1183 2771 1288 2824 αἰθέρ’
1315 2773 1483 2822 ίμπεσῶν.

459 2841 654 2882 Notabilis
681 2850 742 2882 est
768 2843 917 2883 locutio
944 2844 978 2886 ἐς
1003 2842 1044 2880 τὸ
1072 2849 1173 2893 σῶμα
1200 2843 1369 2893 ἐμπεσεῖν,
1396 2856 1478 2894 qua
1512 2843 1643 2882 Schol.
1680 2841 1745 2882 ad.
1782 2839 1954 2881 Hesiod,

390 2907 547 2957 Theog.
573 2919 611 2947 v.
641 2918 715 2958 275
746 2920 841 2947 usus
868 2915 941 2957 est,
977 2907 1101 2947 animi
1136 2907 1179 2946 in
1215 2907 1411 2948 nascendi
1446 2907 1722 2947 conditionem
1755 2904 1955 2946 venientis

390 2978 546 3010 motum
574 2970 821 3022 significans.
