2176 3450
981 344 1045 404 6³

230 481 429 548 quidem
462 480 542 530 ille
587 480 723 545 quod
767 479 832 528 ad
877 477 1257 544 praepositionis
1296 474 1386 526 α’πό
1414 494 1560 526 usum
1599 477 1799 537 attinet3

230 564 322 615 sed
353 564 419 613 de
451 563 735 630 parentibus
768 562 847 611 hic
880 579 962 611 me
996 561 1152 610 iudice
1188 560 1319 609 nulla
1354 560 1378 608 f
1380 561 1416 609 it
1450 560 1650 609 mentio.

296 647 462 711 Quam
495 647 595 695 vim
616 645 796 695 Rohde
820 644 1175 710 praepositioni
1204 644 1253 692 ἐκ
1269 643 1562 701 attribuerit,
1583 660 1677 692 nos
1700 659 1800 692 non

232 730 372 797 sugit,
416 730 507 779 sed
551 729 628 778 hic
672 728 1054 794 praepositionis
1099 745 1217 776 usus
1253 744 1351 776 non
1386 727 1547 793 arguit
1581 736 1801 775 nostram

231 812 489 864 formulam
541 812 655 861 nihil
706 812 797 860 nisi
834 822 1068 876 parentes
1111 810 1328 860 voluisse
1361 812 1604 873 καθαρούς.
1639 808 1802 859 Multo

232 897 361 947 enim
388 897 492 945 veri
520 895 721 945 similius
749 912 863 944 esse
893 894 1009 943 mihi
1028 894 1234 953 videtur,
1253 893 1479 942 homines
1497 892 1630 942 nullo
1647 893 1801 943 modo

230 981 357 1030 inter
400 996 457 1028 se
503 989 718 1044 agnatos
763 988 1083 1044 cognatosve‚
1122 977 1216 1026 sed
1249 977 1396 1026 variis
1429 993 1492 1025 ex
1526 976 1718 1025 familiis
1753 977 1802 1025 in

231 1062 557 1114 sessiunculas
590 1071 642 1112 et
675 1061 862 1111 thiasos
897 1061 1216 1120 convenisse3
1251 1077 1462 1124 quorum
1497 1077 1560 1109 ex
1592 1077 1802 1109 numero

231 1163 377 1196 unum
425 1145 624 1208 καθαρὸν
656 1145 705 1193 ἐκ
728 1149 941 1208 καθαρῶν
988 1144 1175 1192 dictum
1222 1160 1348 1192 esse.
1400 1143 1538 1210 Ergo
1590 1144 1804 1193 thiasota

231 1229 314 1295 qui
358 1245 540 1278 nomen
587 1245 730 1276 suurn
776 1227 1007 1292 deposuit
1054 1243 1154 1276 non
1199 1236 1462 1291 parentum
1496 1227 1801 1276 mentionem

233 1311 348 1362 facit
391 1312 482 1361 sed
526 1329 700 1360 eorum
745 1311 826 1376 qui
867 1311 914 1360 ei
950 1327 1079 1359 nunc
1113 1319 1375 1375 parentum
1410 1309 1521 1359 loco
1556 1320 1685 1369 sunt,
1722 1311 1800 1360 i.e.

231 1395 660 1461 synthiasotarum.
682 1395 760 1443 An
778 1394 935 1443 verba
955 1394 1006 1441 ἐκ
1030 1398 1243 1457 καθαρῶν
1268 1403 1503 1457 parentes
1521 1393 1803 1462 significare

231 1495 406 1529 censes
455 1488 508 1527 et
557 1477 799 1541 ἦκαθαρᾶ
831 1474 952 1542 ψυχή
1009 1493 1122 1526 eum
1179 1475 1396 1525 voluisse
1451 1476 1536 1524 tibi
1591 1477 1802 1536 videtur,

233 1561 315 1628 qui
358 1561 405 1611 ei
439 1558 798 1624 πατρομιὲστηςῑ)
841 1558 1107 1608 exstiterit?
1146 1559 1216 1608 At
1260 1559 1389 1608 istud
1423 1576 1605 1608 nomen
1639 1577 1804 1626 neque

233 1645 410 1695 nostris
464 1643 511 1692 in
564 1643 856 1693 carminibus
914 1642 1109 1708 legitur,
1166 1659 1330 1707 neque
1380 1642 1582 1708 singulis
1631 1644 1804 1708 mystis

233 1728 513 1794 complures
549 1725 853 1790 πατρομύσται
896 1727 988 1775 sed
1033 1743 1150 1775 suus
1194 1727 1371 1791 cuique
1409 1725 1614 1791 „pater”
1653 1727 1804 1777 fuisse

227 1805 440 1861 videtur.
476 1810 640 1874 Quam
674 1811 741 1859 ob
769 1826 971 1859 causam
1001 1819 1118 1875 post
1154 1810 1229 1867 „e'x
1253 1809 1491 1873 καθαρῶν”
1516 1826 1615 1859 non
1643 1830 1804 1874 πατρο-

231 1899 405 1955 μυστῶν
452 1894 544 1943 sed
579 1898 812 1942 θιασωτιῦν
845 1894 951 1943 sive
995 1892 1129 1942 aluid
1173 1892 1397 1942 eiusdem
1430 1893 1804 1959 significationis

234 1993 414 2027 nomen
448 1986 615 2026 mente
649 1976 977 2042 supplendum
1011 1993 1126 2026 esse
1161 1976 1386 2026 arbitror.

298 2060 537 2110 Videmus
571 2060 719 2126 igitur
753 2070 922 2109 nostra
939 2061 986 2109 in
1005 2059 1218 2109 formula
1251 2061 1431 2123 ἔρχομαι
1454 2060 1504 2108 ἐκ
1527 2082 1565 2110 κ.
1590 2082 1628 2110 κ.
1664 2078 1804 2126 prae·

234 2143 530 2209 positionem
567 2146 614 2192 ἐκ
653 2160 752 2192 non
794 2153 1032 2208 parentes
1072 2142 1378 2209 significare.
1414 2142 1483 2192 Ut
1517 2161 1616 2193 non
1650 2144 1804 2194 homo

235 2226 454 2277 mortalis
498 2226 590 2276 sed
630 2226 918 2276 immortalis
969 2227 1146 2285 anima,
1189 2226 1256 2276 ita
1297 2243 1395 2275 non
1437 2236 1672 2292 parentes
1712 2228 1805 2278 sed

236 2319 538 2375 symmystae
556 2320 608 2359 et
625 2309 976 2375 synthiasotae‚
997 2310 1284 2375 quibuscum
1302 2320 1464 2375 mysta
1480 2310 1527 2359 in
1547 2321 1803 2360 aeternum

236 2408 292 2443 ee
305 2393 613 2442 coniunctum
634 2409 748 2443 esse
768 2393 937 2451 credit,
957 2394 1281 2443 nominantur.
1302 2393 1493 2456 Quibus
1511 2394 1650 2443 Diels
1662 2411 1804 2444 suum

235 2491 415 2525 nomen
452 2475 795 2534 „Gemeinde”
833 2477 1059 2525 reddidit.

300 2557 441 2621 Quas
474 2559 541 2608 ob
575 2576 751 2609 causas
784 2559 1117 2609 concludimus
1151 2560 1380 2609 homines
1415 2576 1590 2609 omnes
1625 2561 1804 2610 eadem

237 2638 330 2690 hac
376 2641 584 2692 formula
629 2643 836 2705 ,,ἐ’ρχομαι
860 2646 908 2691 ἐκ
933 2648 1144 2707 καθαρῶν
1169 2641 1378 2707 afflant?
1423 2660 1556 2702 usos,
1589 2644 1803 2693 eandem

306 2795 336 2846 ¹)
364 2797 427 2837 De
440 2797 696 2849 patromystis
723 2797 764 2838 in
794 2797 968 2838 Mithrae
995 2797 1192 2850 mysteriis
1219 2799 1270 2838 cf.
1298 2798 1458 2850 Porph.,
1486 2798 1538 2838 de
1557 2798 1804 2849 Abstin.1v,

242 2861 303 2911 16,
337 2861 389 2902 de
423 2869 540 2903 antro
574 2863 751 2915 Nymph.
787 2876 823 2903 c.
860 2864 906 2914 63
942 2864 994 2904 cf.
1031 2863 1189 2914 Rohde,
1220 2864 1375 2916 Psyche
1402 2864 1559 2914 11422,
1587 2863 1806 2913 Dieterich,

239 2925 565 2980 Mithruliturgie
598 2941 639 2980 p.
670 2939 743 2980 135
772 2941 858 2981 seq.
886 2928 950 2969 Cf.
978 2928 1192 2981 scriptores
1219 2929 1272 2969 de
1302 2930 1422 2969 rebus
1449 2928 1672 2970 Mithriacis
1700 2941 1806 2982 quos

239 2999 446 3033 enumerat
473 2992 666 3044 Cumont‚
694 2993 771 3034 Die
798 2994 850 3034 Ο.
878 2994 930 3035 R.
957 2993 1013 3033 im
1040 2995 1092 3035 R.
1122 2996 1193 3044 H„
1223 3007 1262 3046 p.
1291 3007 1371 3046 300
1397 3007 1482 3047 seq.
