2176 3450
977 345 1039 392 47

293 470 456 532 Quam
501 468 681 519 edendi
725 468 966 517 rationem
1014 466 1140 515 hunc
1186 466 1235 514 in
1276 465 1478 513 modum
1524 465 1748 514 defendit
1764 470 1797 526 ¹)

229 553 451 612 „etiamsi
498 569 596 601 non
641 567 734 616 pro
779 560 918 600 certo
963 549 1313 599 affirmaverim
1357 548 1530 597 horum
1565 566 1796 597 versuum

227 647 330 686 tres
354 635 431 684 vel
458 635 621 700 potius
643 634 769 683 duos
787 633 929 698 quasi
947 632 1146 682 codices
1164 633 1233 681 sic
1252 631 1660 680 contaminandos
1685 648 1798 680 esse

230 720 279 768 in
301 735 448 768 unum
473 727 733 766 contextus
756 733 1090 782 progressum,
1115 727 1282 764 tamen
1307 715 1402 764 hoc
1437 715 1588 764 modo
1625 715 1797 779 scripsi

229 812 283 851 ut
315 819 463 850 unum
500 801 707 849 subesse
742 815 942 848 carmen
978 798 1211 857 eluceret,
1247 799 1323 847 cui
1358 799 1435 846 hic
1468 798 1560 847 illic
1602 815 1797 847 versum

228 896 406 950 postea
451 884 765 947 desumptum
810 882 889 930 vel
935 881 1154 930 additum
1199 898 1312 931 esse
1361 898 1459 930 non
1495 882 1796 947 negaverim.

229 968 333 1017 Sed
375 967 491 1032 quid
537 966 630 1015 sibi
663 966 818 1014 velint
852 965 900 1013 hi
936 982 1108 1014 versus
1142 966 1272 1014 bene
1307 965 1563 1029 perspicis,
1598 965 1639 1013 si
1673 981 1800 1030 quos

229 1051 276 1100 in
317 1051 491 1099 dextra
525 1060 576 1098 et
613 1050 660 1097 in
695 1049 892 1097 sinistra
915 1047 1113 1114 pagella
1136 1049 1279 1112 posui
1307 1049 1633 1106 coniunxeris,
1662 1048 1730 1097 ita
1747 1058 1801 1096 ut

230 1134 456 1183 undecim
480 1149 709 1181 versuum
735 1148 934 1180 carmen
958 1131 1155 1180 oriatur.
1182 1131 1491 1196 Supplicatio
1517 1141 1593 1180 est
1607 1142 1800 1196 mystae

230 1218 296 1266 ad
346 1216 619 1265 Inferorum
671 1215 894 1280 reginam
941 1231 1188 1280 regesque
1230 1214 1373 1272 facta,
1409 1225 1462 1263 ut
1492 1231 1547 1264 se
1588 1214 1801 1279 excipiat

231 1300 383 1365 pratis
401 1300 674 1348 beatorum.
695 1298 795 1346 lam
814 1314 960 1346 versu
979 1298 1240 1346 undecimo
1259 1298 1483 1346 iudicium
1499 1297 1596 1347 fert
1606 1299 1797 1364 regina:

237 1383 428 1439 «beate,
447 1382 573 1430 deus
591 1381 735 1430 eris».
758 1380 881 1428 V.12
903 1381 1214 1429 continentur
1227 1398 1377 1429 voces
1389 1382 1626 1446 mysticae
1639 1392 1799 1430 metro

230 1465 437 1522 solutae,
463 1465 624 1514 adhuc
649 1464 916 1512 editoribus
940 1463 1366 1512 obscurissimae.”
1394 1464 1539 1527 Quae
1558 1465 1801 1513 sententia

230 1549 388 1598 altero
422 1558 538 1613 post
571 1564 700 1596 anno
735 1548 800 1595 ab
832 1557 1034 1598 auctore
1069 1547 1277 1612 repetita
1293 1550 1326 1611 5¹)
1362 1547 1489 1596 hunc
1523 1549 1569 1596 in
1599 1548 1801 1597 modum

232 1631 386 1691 „Drei
413 1630 704 1687 Taselchen,
734 1630 888 1679 deren
920 1630 1207 1679 Inschriften
1237 1630 1326 1679 auf
1345 1631 1487 1679 einen
1519 1648 1574 1678 zu
1593 1631 1801 1680 Grunde

231 1715 477 1781 legenden
510 1713 641 1762 Text
677 1713 1037 1779 zuriickgehen,
1072 1714 1237 1780 geben
1270 1714 1411 1762 einen
1448 1714 1690 1779 Hymnus,
1711 1714 1802 1763 das

232 1797 400 1848 Gebet
444 1798 572 1846 etc.”
620 1813 731 1845 cum
777 1796 988 1845 Kaibelii
1035 1797 1268 1861 opinione
1303 1797 1503 1846 omnino
1538 1798 1800 1855 consentit,

232 1881 316 1947 qui
352 1897 582 1939 „carmen
618 1880 852 1944 Orphico,
882 1890 936 1928 ut
960 1880 1026 1929 ita
1052 1880 1226 1938 dicam,
1257 1881 1450 1929 dicendi
1477 1898 1667 1947 genere
1692 1898 1802 1930 con-

235 1974 432 2029 ceptum
451 1963 791 2012 defunctorum
808 1963 1099 2028 corporibus
1116 1964 1299 2028 imponi
1317 1964 1557 2022 solebat,‘’
1588 1964 1800 2029 inquit⁸),

234 2047 400 2113 „quod
417 2063 615 2096 carmen
634 2063 744 2095 cum
763 2047 809 2095 in
828 2064 968 2095 usum
987 2047 1325 2111 sepulcrorum
1343 2048 1543 2111 saepius
1561 2049 1801 2097 describe-

233 2142 380 2187 retur,
417 2130 597 2179 sensim
633 2130 1040 2194 corrumpebatur
1074 2140 1126 2179 et
1160 2131 1207 2178 in
1236 2131 1433 2179 brevius
1463 2131 1801 2197 redigebatur,

233 2213 426 2263 omissis
471 2213 591 2271 aliis,
637 2213 740 2261 aliis
776 2213 966 2271 additis,
1002 2212 1221 2277 pluribus
1255 2214 1469 2278 denique
1505 2215 1715 2273 mutatis,
1751 2224 1804 2263 ut

234 2306 398 2345 tamen
434 2297 668 2361 primaria
702 2296 893 2345 indoles
929 2313 1025 2345 non
1054 2296 1467 2345 oblitteraretur.‘’
1499 2297 1802 2360 Quibuscum

234 2380 383 2428 etiam
396 2381 635 2444 Murray⁴)
651 2379 778 2438 facit,
793 2380 876 2444 qui
888 2380 1031 2428 trium
1045 2380 1334 2429 laminarum
1354 2397 1502 2429 unam
1521 2381 1803 2430 versionem

235 2472 524 2527 perpetuam
566 2463 835 2511 britannice
877 2463 1027 2511 edidit
1066 2474 1117 2511 et
1157 2463 1371 2512 Foucart
1394 2466 1425 2523 ⁵)
1460 2464 1541 2528 qui
1577 2465 1803 2528 opinatur

236 2563 406 2594 versus
439 2546 630 2594 laminis
665 2546 925 2610 inscriptos
961 2562 1024 2595 ex
1058 2563 1156 2595 uno
1192 2547 1409 2595 carmine
1445 2548 1510 2595 ita
1542 2558 1803 2611 excerptos

237 2646 362 2685 esse,
400 2640 452 2677 ut
492 2630 536 2677 in
582 2629 762 2678 lamina
796 2629 1017 2679 Thurina
1053 2630 1223 2695 prima,
1260 2630 1429 2688 altera,
1466 2631 1613 2679 tertia
1647 2632 1803 2679 verba

308 2732 339 2775 ¹)
369 2732 582 2778 Dieterich,
621 2733 680 2770 De
713 2733 766 2771 H.
796 2732 847 2771 Ο.
877 2745 916 2783 p.
947 2733 1067 2783 3¹l3²
1108 2735 1177 2782 (z
1207 2734 1269 2772 Kl.
1300 2733 1409 2772 Schr.
1441 2747 1479 2784 p.
1509 2740 1578 2784 93)
1615 2747 1651 2773 a.
1690 2735 1803 2785 ¹89¹·

304 2796 334 2844 2)
364 2796 579 2843 Dieterieh,
608 2797 764 2847 Nekyia
793 2810 831 2848 p.
863 2799 925 2848 85,
955 2811 989 2837 a.
1026 2800 1139 2848 1893.

306 2861 337 2909 8)
368 2861 511 2900 Kaibel
540 2863 570 2900 1.
597 2862 647 2900 G.
678 2862 789 2911 XIV,
818 2863 870 2901 ad
901 2865 991 2911 ⁶4¹·

302 2927 336 2978 ⁴)
365 2927 526 2978 Murray
555 2927 595 2966 in
625 2940 719 2978 app.
748 2928 799 2966 ad
832 2928 1091 2968 Harrisoniae
1118 2930 1271 2980 Proleg.
1301 2943 1343 2981 p.
1373 2931 1450 2978 670

306 2992 336 3043 ι)
366 2993 577 3041 Fouchart,
606 2994 859 3032 Recherchcs
888 3006 979 3033 sur.
999 3025 1008 3033 .
1028 3025 1074 3042 ..,
1104 3007 1140 3033 a.
1171 2996 1269 3045 1895
1301 3008 1339 3045 p.
1373 3007 1436 3043 7¹·
