2176 3450
961 353 1023 403 97

207 476 483 542 κελαινεφὴς,
503 482 731 541 iun-velot,
755 481 991 540 τέτραχαον
1033 494 1126 543 pro
1157 476 1498 542 τετράδραχμον,
1543 479 1778 531 Restutus

206 578 302 629 pro
344 561 633 611 Restitutus.
679 561 844 624 Quam
894 561 1351 626 interpretationem
1401 562 1776 614 Radermacher

208 661 407 712 quoque
449 644 632 702 laudat,
677 645 761 709 qui
805 643 899 694 hac
943 645 1007 693 de
1052 660 1108 693 re
1158 644 1375 709 scripsit:
1424 644 1777 710 »ἀστεροβλήτης

209 728 376 787 heisst‚
410 727 630 777 w'ortlich
663 743 966 794 genommen
1001 748 1018 771 »
1033 726 1501 777 Sternschleuderer
1514 750 1532 773 ‹
1573 729 1675 779 und
1714 730 1777 779 ist

208 811 297 861 mit
348 808 735 874 α’στεροποβλήτης
792 809 1277 860 »Blitzsehleuderen
1339 811 1584 861 durchaus
1645 812 1780 862 nieht

210 893 464 944 identisch.
511 893 636 942 Hier
679 893 841 943 steckt
884 893 964 942 die
997 893 1386 960 Schwierigkest,
1420 894 1501 944 die
1534 895 1639 944 sich
1673 913 1778 945 ver·

208 977 593 1043 mutungsweise
626 976 782 1025 durch
814 977 896 1026 die
929 976 1196 1026 Annahme
1218 977 1492 1044 beseitigen
1509 978 1644 1039 lasst,
1662 979 1780 1030 dass

208 1060 593 1124 ἐστεροποβλνζτης
610 1059 795 1126 infolge
812 1059 1023 1109 salscher
1039 1059 1458 1126 etymologischer
1474 1061 1781 1129 Anlehnung

209 1160 274 1194 an
304 1140 606 1206 ἐπεροπήτης
640 1160 699 1191 zu
745 1143 1043 1207 οἷστεροβλῆτα
1066 1144 1338 1209 geworden
1367 1144 1475 1193 ist'’.
1510 1145 1780 1195 Statuimus

210 1225 360 1293 igitur
376 1242 555 1274 nomen
581 1242 628 1290 q.
650 1243 694 1274 e.
714 1225 1014 1290 οἷστεροβλῆτα
1031 1225 1315 1292 significare
1333 1227 1718 1278 Fulminatorem
1730 1230 1778 1294 1).

661 1423 691 1486 ξ
733 1437 775 1470 2.
816 1421 891 1470 De
922 1421 1140 1471 versibus
1172 1437 1318 1487 5-7,

482 1505 657 1570 quibus
697 1513 782 1553 TA
803 1510 1109 1553 ΔΡΩΜΕΝΑ
1139 1505 1496 1556 describuntur.

216 1684 217 1687 ,
278 1643 559 1709 Sequuntur
593 1658 790 1691 versus:

304 1749 325 1795 5
389 1737 547 1783 κύκλον
578 1737 803 1789 &egium
833 1737 1129 1797 βαρυπενθέος
1160 1737 1386 1795 ἀργαλέοιο

302 1826 332 1868 6
392 1824 556 1879 ipsos-06
588 1821 792 1881 δ’ἐπέβαν
820 1827 1030 1878 στεφάνου
1059 1825 1157 1866 ποσὶ
1189 1822 1489 1879 καρπαλίμοισι
1504 1825 1552 1883 ⁹),

304 1918 330 1964 7
391 1907 632 1958 Δεσποίναις
662 1906 740 1966 Ost)
769 1906 852 1950 ὑπὸ
882 1905 1042 1951 κόλπον
1074 1907 1176 1951 ἔδυν
1209 1908 1390 1965 χθονίας
1420 1907 1654 1968 βασιλείας.

212 2021 391 2087 quibus
429 2031 593 2086 mysta
631 2021 748 2070 dicit
787 2020 1020 2070 circulum
1060 2037 1246 2071 corona
1286 2039 1343 2071 se
1382 2032 1603 2071 mutasse
1637 2032 1689 2072 et
1722 2039 1785 2072 ex

212 2102 509 2170 Proserpina
564 2114 789 2153 renatum
841 2121 969 2154 esse.
1032 2103 1126 2154 Est
1174 2104 1322 2171 igitur
1375 2106 1783 2155 caerimoniarum

214 2187 485 2254 cataloguS,
519 2187 698 2254 quibus
732 2187 1066 2252 exsequendis
1099 2188 1252 2238 homo
1286 2188 1409 2238 deus
1443 2189 1572 2238 exiit.

660 2413 722 2462 A.
758 2413 837 2462 De
867 2413 1048 2463 circulo
1082 2419 1128 2463 ct
1157 2431 1347 2464 corona.

282 2548 596 2615 Quamquam
630 2550 696 2600 de
730 2550 822 2600 ritu
856 2566 947 2615 per
962 2547 1114 2599 κύκλον
1123 2552 1158 2615 ⁸)
1175 2551 1497 2618 exsequendo
1515 2553 1786 2603 admodum

285 2739 320 2792 ¹)
345 2742 457 2782 Deus
482 2740 606 2794 igitur
631 2740 789 2794 mystici
814 2740 1005 2782 carminis
1026 2754 1064 2782 v.
1078 2754 1105 2792 4
1125 2743 1363 2796 ἀστεροβλῆτα
1385 2749 1565 2796 κεραυνῶν,
1595 2744 1788 2798 supplicis

217 2805 406 2848 carminis
430 2819 471 2848 v.
498 2820 526 2857 4
550 2807 740 2861 ἁστφωτὴς
765 2807 935 2861 nepem&
962 2806 1074 2859 (vide
1099 2819 1222 2861 supra
1247 2821 1337 2861 cap.
1363 2809 1424 2849 IV
1449 2813 1470 2858 ς
1494 2811 1538 2862 3)
1561 2809 1694 2852 dictus
1713 2818 1787 2853 eet.

285 2870 320 2924 ¹)
346 2872 499 2913 Versus
531 2873 557 2913 6
590 2879 683 2925 post
714 2885 753 2913 v.
789 2883 811 2923 7
847 2884 972 2926 prave
1005 2871 1200 2925 repetitur
1231 2873 1274 2913 in
1303 2873 1467 2916 lamina.

285 2936 318 2987 ὓ)
342 2937 462 2978 Nulla
479 2945 540 2979 ent
556 2950 679 2979 causa
696 2950 769 2979 cur
787 2945 970 2979 sumatur
980 2938 1101 2976 κύκλον
1118 2937 1183 2979 hic
1200 2938 1378 2992 positum
1396 2951 1483 2981 ene
1497 2953 1571 2993 pro
1583 2940 1788 2983 locutione

218 3012 262 3055 q.
287 3013 323 3044 e.
349 3003 467 3047 κύκλος
492 3004 671 3055 vohun
697 3003 810 3056 quod
836 3015 959 3056 supra
985 3002 1257 3045 demonstravi
1284 3004 1388 3058 (cap.
1414 3005 1486 3057 111,
1517 3007 1540 3056 9
1570 3005 1621 3054 2).

1710 3087 1732 3129 ⁷
