2176 3450
1163 383 1223 443 56

813 518 864 565 B.
934 518 1012 566 De
1046 534 1276 566 versuum
1308 517 1574 580 scriptura,

479 637 589 686 Hac
634 637 698 685 de
743 654 798 685 re
843 636 1021 685 Kaibel
1069 636 1196 683 hunc
1237 635 1285 683 in
1321 635 1521 684 modum
1555 635 1838 700 prolocutus
1872 645 1974 685 est:

413 719 688 784 „antiquius
718 720 927 784 primum
948 719 1034 782 (A)
1065 729 1141 766 est
1170 718 1305 781 quod
1327 718 1392 766 ad
1426 717 1494 765 IV
1519 735 1563 767 a.
1584 718 1701 767 Chr.
1726 718 1977 768 saeculum

413 803 582 851 referri
612 803 744 850 iubet
773 802 881 866 ipsa
915 803 1038 850 ratio
1074 801 1420 866 orthograsica
1453 803 1977 865 (KYKAO,[MEPTO,

411 891 719 947 ΣΤΕΦΛΝΟ)
752 885 843 933 sed
877 885 1008 933 haud
1043 885 1111 933 ita
1146 884 1301 932 multo
1340 885 1617 933 recentiora
1654 884 1840 950 reliqua
1878 884 1978 934 duo

413 978 540 1026 sunt,
570 969 705 1033 quod
735 969 884 1016 docet
913 968 1183 1031 scripturae
1212 984 1370 1032 genus
1400 967 1739 1015 simillimum.”
1765 969 1841 1016 Re
1859 984 1979 1017 vera

411 1051 656 1099 literarum
694 1051 867 1109 forma,
902 1052 1057 1099 tribus
1091 1050 1138 1098 in
1174 1051 1366 1098 laminis
1392 1050 1497 1099 fere
1522 1051 1715 1109 eadem,
1745 1049 1978 1116 angulata

412 1144 489 1182 est
523 1145 574 1181 et
607 1135 768 1183 omnis
815 1134 1101 1182 rotundatio
1147 1135 1303 1183 deest.
1353 1133 1499 1195 Quae
1543 1133 1698 1182 forma
1743 1133 1979 1199 angulata

412 1234 522 1265 cum
551 1234 664 1265 raro
694 1218 841 1266 obvia
870 1218 931 1266 sit
950 1219 995 1265 in
1014 1218 1144 1266 tertii
1163 1216 1343 1266 saeculi
1361 1217 1559 1281 papyris
1578 1227 1628 1265 et
1646 1216 1979 1265 rotundationi

411 1300 613 1348 cesserit
628 1302 675 1360 1),
722 1301 924 1365 Murray
970 1311 1106 1349 recte
1153 1301 1434 1349 observavit
1479 1300 1765 1364 scripturam
1813 1299 1979 1364 potius

412 1399 522 1431 cum
560 1384 719 1446 quarti
752 1384 1002 1447 quintique
1043 1383 1227 1432 saeculi
1260 1383 1653 1447 inscriptionibus
1686 1399 1834 1446 quam
1868 1399 1979 1430 cum

410 1466 662 1514 Timothei
690 1483 883 1531 papyro
914 1466 1122 1515 conferri
1151 1484 1316 1530 posse.
1345 1466 1693 1514 Concludimus
1717 1465 1864 1531 igitur
1888 1466 1979 1514 tria

412 1549 628 1598 carmina
682 1549 787 1598 fere
837 1550 1018 1598 eodem
1068 1559 1297 1613 tempore
1348 1549 1501 1597 literis
1552 1549 1787 1597 mandata
1837 1565 1977 1609 esse3

422 1633 559 1696 quod
593 1644 770 1696 quarto
815 1632 1016 1681 saeculo
1063 1633 1248 1680 factum
1294 1650 1407 1681 esse
1453 1650 1563 1680 cum
1609 1632 1852 1695 scriptura
1896 1631 1978 1680 de-

411 1726 666 1774 monstret,
703 1725 832 1764 testa
866 1716 946 1764 illa
981 1716 1180 1764 Lucana
1215 1717 1361 1763 docet
1396 1733 1595 1764 carmen
1631 1715 1669 1762 B
1703 1715 1848 1763 tertio
1873 1714 1979 1764 fere

412 1798 610 1846 saeculo
651 1800 881 1863 scripturn
930 1815 1056 1847 esse.
1104 1799 1241 1863 Ergo
1289 1799 1326 1846 B
1371 1799 1499 1846 tertii
1543 1797 1725 1847 saeculi
1771 1797 1979 1846 ineuntis

412 1898 523 1929 esse
557 1882 763 1940 videtur,
798 1883 847 1930 A
883 1892 934 1930 et
968 1881 1011 1929 C
1046 1882 1203 1945 quarti
1238 1881 1419 1930 saeculi
1453 1882 1690 1930 exeuntis.

476 1965 720 2013 Incertum
756 1975 922 2013 autem
959 1975 1035 2013 est
1069 1983 1132 2013 an
1170 1965 1346 2013 Kaibel
1382 1965 1630 2023 erraverit,
1667 1965 1748 2029 qui
1776 1975 1980 2030 propter

411 2048 703 2112 scripturam
748 2057 1010 2112 στεφανο[υ],
1031 2053 1232 2105 κυκλο[υ],
1256 2052 1466 2108 ἱμερτο[υ]
1514 2065 1711 2096 carmen
1765 2049 1811 2096 A
1862 2048 1979 2097 anti-

411 2131 694 2194 quissimum
747 2149 859 2180 esse
909 2132 1128 2180 coniecit.
1185 2131 1492 2196 Diphthongi
1544 2131 1671 2179 enim
1724 2151 1789 2179 ·ov
1825 2131 1980 2180 altera

410 2214 595 2263 vocalis
629 2237 670 2262 -υ
709 2225 759 2263 et
793 2215 1087 2280 diphthongi
1121 2235 1195 2262 -oc-
1230 2215 1385 2262 altera
1419 2213 1604 2262 vocalis
1639 2237 1674 2262 -ι
1701 2215 1850 2263 etiam
1874 2214 1979 2263 aliis

411 2298 458 2345 in
491 2298 682 2346 laminis
717 2298 1029 2362 supprimitur
1044 2302 1076 2358 ³)
1113 2297 1361 2362 (exempla
1396 2298 1508 2346 vide
1533 2298 1667 2363 apud
1692 2298 1978 2362 Comparet-

481 2489 510 2540 1)
538 2489 601 2528 Cf.
628 2490 819 2539 Kenyon,
848 2489 928 2528 Pal.
958 2489 1028 2528 Gr.
1065 2489 1160 2540 Pap.
1198 2490 1248 2527 60
1284 2502 1357 2539 sq„
1394 2489 1475 2527 tab.
1511 2501 1547 2526 a.
1584 2502 1624 2539 p.
1663 2489 1759 2538 ²185
1788 2488 1979 2539 Grenfell,

413 2554 483 2594 Gr.
513 2555 608 2605 Pap.
638 2556 677 2593 11
705 2555 787 2593 tab.
820 2568 861 2604 13
891 2554 1142 2604 Comparetti
1171 2567 1209 2604 p.
1243 2567 1305 2592 22.

480 2631 512 2680 2)
541 2633 718 2682 Murray,
747 2632 798 2671 l.l.
825 2645 864 2683 p.
893 2631 986 2671 668.

479 2708 508 2755 ⁸)
538 2710 633 2747 Hoc
660 2716 819 2748 tantum
848 2709 1090 2747 adnotamus
1118 2707 1310 2747 literam-v
1346 2707 1387 2746 in
1426 2707 1616 2746 Carmine
1652 2709 1688 2745 A
1722 2706 1783 2746 bis
1819 2713 1979 2746 tantum

411 2773 599 2813 omissam
629 2786 715 2813 esse
742 2776 794 2822 (v.
828 2787 844 2812 1
875 2771 1077 2827 κοθαρῶ[ν],
1104 2771 1287 2826 χθον[ίων]
1324 2773 1396 2811 sed
1427 2772 1511 2811 aliis
1547 2772 1589 2810 in
1626 2772 1784 2811 duobus
1820 2771 1979 2823 saepius

411 2852 666 2889 suppressam
695 2852 793 2888 esse,
823 2852 899 2890 e.g.
927 2839 1015 2889 ὑμῶ,
1043 2841 1168 2888 ἀγαυὴ,
1195 2841 1347 2888 εὐαγειω,
1376 2838 1487 2888 ὁλβιό,
1520 2837 1621 2889 ἔργω,
1655 2840 1772 2877 ποινά.
1806 2836 1900 2886 Qua
1935 2836 1979 2876 in

411 2917 454 2943 re
482 2917 516 2942 c.
546 2905 583 2942 A
610 2905 662 2943 ab
685 2904 769 2943 aliis
793 2904 951 2943 duobus
973 2904 1131 2943 differre
1153 2903 1321 2952 videtur,
1341 2916 1446 2954 quae
1466 2916 1515 2941 ex
1533 2901 1741 2941 communi
1760 2903 1980 2953 archetypo

411 2969 613 3020 descripta
648 2982 734 3008 esse
768 2969 851 3008 veri
886 2969 1013 3008 simile
1049 2978 1128 3018 est;
1165 2969 1217 3008 de
1253 2969 1449 3019 scriptura
1482 2969 1551 3004 ἀλά
1585 2980 1658 3018 pro
1693 2968 1783 3004 ἀλλά
1821 2974 1898 3007 etc.
1925 2968 1979 3007 cf.

412 3034 665 3085 Comparetti
691 3048 732 3086 p.
758 3035 819 3074 18.
