2176 3450
1118 341 1204 374 112

449 463 566 526 Quo
588 480 734 513 versu
757 472 842 512 aut
865 463 1037 511 dicitur
1061 470 1284 510 mortuus
1306 477 1362 509 re
1387 477 1507 509 vera
1531 457 1760 522 διόβλητος
1779 461 1944 523 fuisse,

383 557 468 598 aut
486 585 657 596 ......
710 563 843 595 mors
891 545 1098 610 mystica
1148 544 1449 592 describitur.
1501 542 1728 592 Eundem
1778 554 1944 595 autem

383 630 634 680 hominem
664 639 715 678 et
749 629 813 677 de
848 627 989 677 coelo
1022 637 1205 676 tactum
1241 636 1293 675 et
1326 626 1551 691 Dionyso
1574 626 1813 676 initiatum
1831 644 1945 678 esse

383 714 464 763 vix
497 713 629 762 credi
662 722 841 776 potest.
877 710 1126 772 Quantum
1162 709 1290 758 enim
1325 709 1531 758 interest
1553 709 1678 758 inter
1695 709 1947 760 hero‘l'cum

383 793 621 859 διοβλήτων
679 795 862 843 cultum
920 803 971 842 et
1033 792 1335 857 Dionysiaca
1385 789 1684 856 ἐριφιήματαΡ
1743 793 1946 860 Ergone

383 896 518 928 mors
567 879 771 942 mystica
821 877 916 925 hoc
964 893 1112 925 versu
1163 875 1476 940 designatur?
1526 875 1638 925 Hoc
1673 877 1946 926 accuratius

383 961 625 1026 inquirere
658 960 898 1008 volumus.

446 1044 610 1091 Primo
643 1044 935 1091 adnotamus
955 1043 989 1105 1)
1022 1058 1194 1090 versus
1227 1041 1419 1090 laminis
1444 1041 1703 1106 inscriptos
1721 1042 1947 1091 illustrari

381 1126 685 1175 Bacchorum
719 1125 891 1173 ritibus
924 1142 954 1173 a
988 1125 1126 1173 Livio
1150 1123 1425 1188 descriptis.
1461 1124 1617 1174 Sacra
1651 1125 1780 1174 enim
1815 1141 1945 1190 quae

384 1210 583 1258 nomine
633 1208 1009 1257 Bacchanalium
1060 1208 1375 1256 innotuerunt
1426 1217 1477 1256 et
1520 1208 1567 1256 in
1603 1224 1735 1273 quae
1767 1225 1812 1256 a.
1855 1209 1946 1257 186

383 1309 428 1350 a,
474 1292 589 1341 Chr.
641 1291 855 1340 Senatus
905 1292 1160 1339 Romanus
1209 1300 1308 1338 tam
1355 1307 1532 1339 severe
1583 1291 1945 1350 animadvertit,

382 1375 679 1424 continuatio
699 1378 734 1438 ⁹)
767 1375 1112 1438 mysteriorum
1146 1373 1313 1422 Italiae
1348 1373 1590 1422 inferioris
1623 1373 1834 1424 fuerunt.

449 1459 614 1521 Quam
642 1459 709 1506 ob
743 1474 941 1506 causam
966 1475 1028 1505 ea
1062 1474 1324 1506 recensere
1358 1456 1584 1505 volumus
1618 1473 1749 1521 quae
1780 1457 1946 1508 Livius

383 1543 447 1591 de
497 1541 802 1590 Bacchorum
851 1550 1013 1589 morte
1064 1540 1268 1604 mystica
1319 1539 1516 1588 rettulit.
1568 1540 1670 1588 Iam
1715 1541 1948 1590 adnotavi

383 1625 670 1674 initiandum
703 1624 837 1673 velut
869 1624 1115 1672 victimam
1145 1640 1175 1672 a
1198 1623 1540 1672 sacerdotibus
1557 1623 1733 1672 deduci
1750 1623 1945 1672 solitum

383 1725 497 1765 esse
547 1708 595 1756 in
647 1707 808 1756 locum
851 1707 934 1755 ubi
966 1707 1016 1754 τὸ
1041 1704 1234 1770 πάθημα
1273 1706 1583 1755 subeundum
1628 1707 1776 1756 esset.
1813 1706 1947 1770 Quid

383 1802 546 1840 autem
582 1791 630 1839 in
663 1791 774 1840 loco
808 1790 889 1838 illo
923 1789 1145 1839 infernali
1163 1790 1341 1838 fiebat?
1372 1789 1538 1838 Livius
1556 1799 1744 1839 narrate
1764 1789 1947 1849 „multa

383 1875 516 1934 dolo,
572 1875 809 1939 pleraque
860 1890 951 1938 per
984 1873 1081 1921 vim
1132 1873 1455 1922 audebantur.
1509 1872 1785 1923 Occulebat
1832 1874 1945 1933 vim,

384 1959 518 2023 quod
567 1975 687 2021 prae
736 1957 998 2006 ululatibus
1047 1966 1490 2021 tympanorumque
1525 1967 1575 2005 et
1609 1955 1948 2021 cymbalorum

383 2041 590 2104 strepitu
640 2039 771 2088 nulla
819 2056 917 2088 vox
951 2039 1282 2103 quiritantium
1317 2039 1443 2088 inter
1476 2049 1647 2104 stupra
1679 2048 1732 2088 et
1764 2039 1948 2088 caedes

383 2123 603 2172 exaudiri
678 2122 907 2186 poterat”
924 2127 958 2183 ⁸)
1036 2132 1088 2170 et
1157 2122 1284 2170 hunc
1354 2121 1515 2171 locum
1587 2122 1948 2172 circumsonare

386 2206 677 2266 „ululatibus
728 2217 972 2271 cantuque
1022 2205 1350 2270 symphoniae
1401 2214 1453 2254 et
1503 2204 1840 2270 cymbalorum
1896 2215 1948 2255 et

453 2393 485 2446 1)
510 2395 639 2433 Recte
678 2391 879 2442 Wissowa,
918 2390 1105 2442 Religion
1145 2390 1232 2430 und
1270 2391 1422 2430 Kultus
1457 2390 1529 2430 der
1563 2391 1716 2430 Romer
1742 2389 1771 2441 ¹,
1807 2403 1849 2442 p.
1877 2389 1950 2439 64⁸

385 2462 475 2511 „fur
506 2458 639 2499 Inhalt
674 2457 760 2496 und
792 2456 1001 2507 Richtung
1035 2456 1164 2496 dieses
1181 2485 1190 2496 .
1209 2486 1218 2496 .
1233 2486 1244 2495 .
1273 2455 1623 2495 Geheimdienstes
1649 2454 1947 2507 (Bacchanalia)

385 2526 477 2566 sind
501 2522 696 2564 lehrreich
723 2522 790 2562 die
815 2521 1089 2574 griechischen
1117 2521 1357 2561 Inschriften
1377 2521 1451 2560 auf
1477 2520 1796 2572 Goldplattchen
1813 2527 1949 2561 unter-

386 2590 585 2632 italischer
619 2588 775 2629 Graber
810 2600 883 2627 aus
918 2587 1012 2626 dem
1052 2599 1079 2636 4
1098 2586 1277 2638 Jahrh.”.
1317 2587 1382 2627 Cf.
1418 2587 1678 2636 Lenormant,
1716 2586 1756 2626 la
1781 2585 1949 2626 Grande

386 2656 528 2704 Grece,
555 2655 576 2693 I
601 2667 643 2705 p.
669 2665 760 2703 423.

453 2719 486 2772 ⁹)
511 2721 696 2760 Fortasse
736 2725 837 2758 tunc
876 2716 1068 2768 temporis
1095 2717 1147 2770 (a.
1181 2717 1274 2768 186)
1302 2716 1498 2756 nonnulla
1523 2717 1695 2756 Etrusca
1720 2715 1949 2756 Bacchana-

385 2784 488 2824 libus
527 2783 707 2824 admixta
742 2784 926 2832 fuerunt3
964 2782 1101 2823 Livius
1128 2782 1238 2822 enim
1265 2781 1443 2834 scripsit:
1470 2780 1616 2831 „huius
1642 2780 1737 2821 mali
1761 2780 1872 2821 labes
1897 2792 1948 2821 ex

386 2849 545 2890 Etruria
569 2850 744 2889 Romam
773 2849 882 2889 velut
909 2848 1153 2900 contagione
1179 2847 1309 2888 morbi
1335 2845 1588 2899 penetravit”
1616 2846 1701 2898 (1.1.
1727 2859 1764 2886 c.
1792 2858 1831 2897 9,
1857 2846 1947 2897 31).

387 2915 468 2955 Sed
507 2927 709 2966 quaenam
750 2916 921 2954 Etrusco
946 2913 1133 2966 appulsui
1159 2914 1384 2953 debeantur
1411 2912 1623 2952 enucleare
1649 2909 1847 2951 difficilius
1873 2916 1947 2951 est.

455 2980 488 3031 ⁸)
514 2979 664 3030 Livius,
689 2979 714 3019 l.
729 2980 755 3020 l.
781 2992 818 3020 e.
847 2980 871 3017 8
895 2983 917 3027 ς
943 2980 980 3019 8.
