2176 3450
30 481 45 531 >nix
21 147 65 462 ηὲςιῂ-»ωυικ-ῨΙΕρᾈκᾈ
23 83 32 130 ‘

62 404 65 405 η
55 358 61 373 ff
68 318 70 322 ,
56 284 65 290 s
55 249 68 261 ,-
54 87 73 220 κιᾼμςψμλ

953 354 1014 401 79

640 480 671 542 ἓ
707 493 749 539 3.
786 477 864 526 De
895 477 1112 525 versibus
1145 489 1178 539 5
1211 482 1257 524 et
1290 476 1334 523 6.

667 596 727 643 A.
765 595 843 644 De
877 595 1067 644 lectione
1100 595 1299 643 tradita.

269 715 465 764 Deinde
498 731 543 763 v.
582 728 607 776 5
645 725 696 762 et
729 717 759 761 6
794 724 1079 778 sequuntur,
1123 713 1298 778 quibus
1333 712 1628 762 describitur
1669 727 1768 775 quo

204 799 355 848 modo
378 800 529 846 homo
554 797 728 846 mortis
750 797 896 846 limen
921 807 1260 861 transgressus
1276 797 1351 845 sit.
1378 796 1482 845 Sed
1502 805 1770 859 antequam

203 881 498 931 sententiam
549 880 818 944 explanare
870 890 921 928 et
965 879 1178 928 definire
1228 880 1475 944 possimus
1521 895 1650 943 quae
1696 877 1772 926 his

203 964 429 1014 versibus
462 963 645 1020 subest,
681 963 945 1011 videndum
980 973 1057 1011 est
1098 979 1226 1027 quae
1267 962 1438 1011 literae
1485 965 1533 1010 in
1579 960 1772 1010 laminis

204 1047 444 1113 legantur.

270 1131 324 1180 In
359 1131 388 1181 l.
424 1130 518 1179 Th.
555 1130 711 1179 altera
745 1139 846 1177 est:

501 1229 750 1269 EITEME
777 1227 960 1267 MOPA
993 1226 1432 1268 ΕΔΑΜΑΣΑΡΟΝ

500 1305 656 1346 ΕΙΤΕ
681 1305 1109 1345 ΑΣΤΕΡΟΠΗΤῙ
1135 1305 1406 1347 ΚΡΛΤΝΩ

206 1401 325 1465 (quo
348 1399 460 1448 loco
488 1400 680 1464 signum
708 1397 1107 1463 interrogationis
1135 1398 1295 1462 posui,
1329 1398 1511 1463 scripta
1540 1408 1617 1447 est
1643 1413 1774 1462 quae

206 1482 482 1532 Barnabeio
515 1481 657 1530 litera
693 1491 745 1538 T,
774 1480 1118 1544 Comparettio
1153 1481 1293 1529 litera
1327 1490 1364 1529 Τ
1399 1498 1513 1531 esse
1552 1481 1768 1530 videtur:

207 1565 324 1614 mihi
373 1575 538 1615 autem
588 1581 749 1630 neque
801 1573 839 1612 T
879 1580 1042 1628 neque
1087 1571 1125 1611 Y
1172 1581 1285 1614 esse
1331 1565 1541 1629 videtur)
1577 1576 1628 1614 et
1662 1565 1708 1613 in
1742 1564 1774 1613 l.

208 1649 306 1699 Th.
342 1649 511 1698 tertia:

621 1735 665 1774 E
693 1736 732 1774 T
762 1737 860 1775 ME
887 1734 1097 1775 MOIPA

621 1813 992 1854 ETEPOHHTI
1018 1815 1110 1854 KH
1138 1812 1314 1854 KEPA

626 1890 752 1930 YNO

275 1977 419 2040 Quos
436 1994 607 2027 versus
625 1977 705 2026 alii
723 1977 819 2027 alio
837 1977 988 2026 modo
1007 1978 1276 2026 emendare
1295 1977 1460 2026 eonati
1474 1987 1607 2037 sunt3
1619 1977 1776 2025 vario-

210 2078 315 2110 rum
334 2061 653 2126 interpretum
671 2061 1046 2111 emendationes
1064 2077 1189 2110 nunc
1201 2060 1504 2126 perlustrare
1532 2060 1775 2109 volumus:

276 2143 340 2193 O.
394 2143 643 2193 Hofmann
695 2162 844 2193 unum
895 2160 1009 2193 esse
1059 2161 1257 2193 versum
1303 2144 1582 2202 arbitratur,
1629 2160 1776 2208 quem

214 2227 343 2277 hanc
377 2228 423 2277 in
461 2227 670 2277 formam
707 2228 940 2277 restituit:

391 2323 472 2367 εἴτε
501 2340 551 2378 με
580 2324 691 2378 μοῖρ’
723 2323 919 2378 ἐδάμασσ’
954 2324 1028 2367 εἴτ’
1062 2324 1326 2380 α’στεροπῆτα
1356 2327 1587 2379 κεραυνῶν.

279 2411 372 2461 Cui
430 2412 623 2471 Rohde‚
683 2412 953 2473 Dieterich,
1013 2413 1385 2463 Radermacher
1442 2413 1778 2478 astipulantur.

215 2493 364 2558 Quod
382 2495 734 2544 nominativum
752 2498 784 2560 ¹)
807 2497 1085 2560 α’στεροπῆτα
1112 2502 1331 2560 κεραυνῶν
1363 2497 1411 2545 in
1432 2496 1586 2546 altera
1609 2513 1782 2545 versus

216 2587 358 2642 parte
379 2577 529 2627 fuisse
554 2579 813 2635 coniciunt,
837 2579 931 2627 iam
957 2579 1118 2627 statim
1143 2579 1465 2628 observamus
1489 2579 1780 2628 substantivi

216 2677 264 2725 q.
283 2677 327 2710 e.
362 2659 664 2724 ἀστεροπητής
703 2663 1056 2711 nominativum
1092 2663 1138 2711 in
1181 2685 1230 2710 ,α
1264 2680 1504 2728 nusquam
1544 2664 1590 2711 in
1632 2662 1782 2712 literis

217 2743 423 2792 Graecis
461 2742 580 2810 legi3
622 2761 922 2810 quamquam
957 2746 1176 2795 concedo
1213 2763 1309 2794 non
1345 2763 1459 2794 esse
1494 2745 1781 2795 incredibile

287 2863 314 2909 ι)
343 2865 522 2904 Hofman
551 2864 616 2904 1.1.
644 2866 910 2917 „drapum-rin,
939 2865 1292 2905 Blitzschleuderer
1326 2865 1375 2905 ist
1411 2865 1476 2905 ein
1515 2865 1783 2906 homerisches

217 2927 385 2969 Beiwort
406 2930 477 2969 des
499 2930 614 2979 Zeus,
636 2930 780 2970 dessen
800 2931 909 2979 alter,
930 2932 1037 2970 ohne
1054 2945 1077 2968 σ
1091 2931 1313 2982 gebildeter
1328 2930 1552 2971 nominativ
1567 2932 1783 2983 eie-rupom‘nrz

218 2993 351 3034 lauten
381 2995 555 3034 warde.”
