2176 3450
1133 384 1218 430 13²

389 508 422 557 ὲ
471 507 624 556 ποινᾶν
647 507 686 554 δ’
709 506 998 555 &nandulum
1030 505 1165 567 ἔργων
1189 503 1296 552 ἕνεκ’
1321 503 1413 552 οὔτι
1438 506 1647 568 δικαίων),
1694 503 1789 552 elle
1834 503 1955 553 etait

389 590 666 655 cependant
699 589 764 638 de
798 588 846 637 la
879 604 994 636 race
1028 587 1093 635 de
1129 584 1427 651 Dionysos.”

453 673 560 721 Nos
583 681 748 721 autem
768 688 864 720 non
884 670 1032 720 nescii
1050 685 1220 718 sumus
1239 672 1415 717 πίπτειν
1433 672 1499 725 εἷς
1518 672 1679 731 γένεσιν
1698 668 1802 719 sere
1821 669 1951 719 idem

389 756 676 821 significare
720 764 872 819 atque
915 757 1026 802 ἰέναι
1050 755 1115 807 εἷς
1138 755 1300 811 γένεσιν
1334 766 1390 791 =
1429 752 1563 802 nasci
1582 753 1617 817 ¹)
1658 753 1750 802 sed
1789 769 1952 820 neque

388 839 594 888 credere
626 854 889 903 possumus
918 836 1097 884 eodem
1128 851 1278 884 sensu
1308 834 1532 884 Graecos
1559 839 1605 891 ἐς
1634 833 1747 896 γάλα
1778 838 1955 885 πίπτειν

387 922 583 979 dixisse,
615 936 774 985 neque
803 919 1062 983 opinamur
1088 919 1303 967 animum
1331 918 1497 967 dicere
1525 934 1583 968 se
1615 919 1766 982 ἔριφον
1802 917 1952 968 fuisse

387 1021 496 1053 cum
529 1003 738 1068 primum
774 1012 1071 1058 nasceretur,
1107 1001 1199 1049 sed
1238 1017 1268 1049 e
1313 999 1536 1049 carminis
1578 1011 1811 1050 contextu
1857 1002 1952 1051 hoc

385 1103 534 1136 unum
567 1095 702 1134 certe
735 1101 978 1149 apparere
1012 1084 1302 1132 arbitramur
1334 1084 1550 1132 animum
1593 1093 1708 1132 tunc
1751 1084 1950 1133 demum

384 1170 535 1234 ἔριφον
563 1169 752 1226 exiisse,
785 1184 894 1216 cum
922 1184 985 1216 ex
1012 1166 1310 1231 Proserpina
1338 1176 1473 1215 esset
1495 1177 1707 1216 renatus.
1733 1166 1950 1216 Delattei

384 1253 528 1319 igitur
577 1250 1033 1315 interpretationem
1077 1250 1278 1298 missam
1322 1248 1525 1298 facimus
1569 1260 1621 1299 et
1663 1250 1953 1299 revertimur

384 1335 449 1384 ad
482 1335 840 1399 quaestionem,
866 1350 1027 1382 unane
1046 1333 1218 1381 saltem
1237 1332 1374 1396 potio
1392 1332 1441 1381 in
1458 1332 1703 1397 mysteriis
1719 1332 1951 1382 Tilurinis

384 1418 601 1467 adhibita
635 1417 794 1465 fuerit.
831 1416 995 1479 Quam
1021 1416 1361 1476 quaestionem
1386 1414 1758 1464 absolventibus
1784 1415 1948 1464 Hatri-

383 1501 552 1549 soniae
586 1510 638 1550 et
671 1499 936 1548 Dieterichi
970 1509 1251 1548 commenta
1284 1499 1427 1547 nobis
1467 1498 1666 1562 paulum
1707 1499 1949 1563 prodesse

382 1584 631 1632 videntur:
683 1600 832 1648 quam
882 1583 948 1631 ob
999 1599 1199 1630 causam
1250 1582 1315 1631 ad
1364 1581 1620 1630 Reinachii
1666 1581 1948 1647 egregriam

383 1667 763 1731 disputationem
799 1666 961 1714 redire
995 1665 1234 1714 volumus.
1271 1665 1368 1728 Qui
1397 1681 1697 1729 quamquam
1722 1664 1948 1714 concedit

384 1749 496 1798 fieri
530 1749 748 1813 potuisse
783 1758 838 1797 ut
871 1749 1130 1797 initiandus
1169 1748 1308 1797 lactis
1353 1746 1582 1812 poculum
1627 1748 1820 1796 biberet
1863 1757 1948 1796 aut

380 1832 507 1881 lacte
535 1841 898 1897 aspergeretur,
923 1849 1023 1896 quo
1047 1831 1222 1880 melius
1245 1830 1662 1895 metamorphosis
1680 1840 1945 1889 notaretur,

382 1925 548 1963 tamen
582 1914 715 1962 stulti
751 1931 863 1963 esse
898 1915 1076 1963 iudicat
1110 1913 1290 1978 aliquid
1319 1913 1522 1961 huiusce
1546 1913 1681 1961 modi
1706 1912 1944 1971 conicere,

381 2015 491 2046 cum
525 1997 682 2046 nullus
715 1997 927 2046 laminae
960 2007 1125 2045 textus
1161 1997 1432 2060 quidquam
1464 1996 1565 2045 tale
1603 1995 1835 2044 exhibeat
1877 2005 1944 2055 et,

379 2081 418 2128 si
453 2097 508 2129 re
542 2097 662 2128 vera
695 2080 791 2128 hoc
826 2080 872 2128 in
906 2080 1076 2128 ritibus
1104 2079 1338 2143 Orphicis
1373 2078 1558 2137 fuisset,
1592 2078 1761 2142 procul
1795 2078 1944 2127 dubio

378 2173 540 2228 mysta
558 2164 744 2212 aoristo
757 2164 878 2211 ἔπιον
902 2180 1019 2211 usus
1038 2175 1186 2211 esset.
1220 2162 1356 2210 Idem
1375 2172 1542 2211 autem
1556 2162 1638 2226 qui
1649 2161 1943 2210 locutionem

378 2248 424 2300 ἐς
459 2244 571 2306 γάλα
608 2250 784 2294 πίπτειν
811 2263 972 2310 neque
996 2246 1060 2294 ad
1083 2246 1272 2294 literam
1290 2245 1595 2303 vertendam,
1614 2261 1777 2309 neque
1793 2253 1943 2293 meta—

379 2328 587 2393 phorice
620 2346 712 2393 pro
746 2328 857 2389 γάλα
895 2333 1032 2377 πίνειν
1054 2330 1266 2393 positam
1290 2346 1402 2377 esse
1426 2328 1619 2386 iudicat,
1649 2328 1816 2376 statuit
1838 2344 1942 2376 ver·

376 2412 492 2459 bum
526 2414 760 2470 ἐμπίπτειν
788 2411 1073 2476 significare
1108 2412 1355 2470 „incidere
1389 2410 1468 2459 in”
1511 2413 1584 2474 (=
1617 2410 1812 2459 tomber
1844 2425 1942 2469 sur,

376 2505 677 2552 rencontrer‚
708 2495 1000 2559 decouvrir),
1029 2505 1236 2559 mystam
1262 2505 1428 2543 autem
1446 2494 1611 2542 dicere
1634 2510 1690 2542 se
1713 2493 1942 2542 incidisse

376 2577 423 2624 in
457 2577 547 2635 lac,
585 2587 756 2641 utpote
791 2577 1074 2625 alimentum
1115 2578 1539 2642 insignissimum&
1587 2592 1748 2625 novae
1784 2576 1942 2639 ἐρίφου

442 2696 472 2743 1)
499 2696 737 2747 Porphyrius
766 2709 861 2735 usus
889 2704 948 2736 est
976 2696 1085 2736 hisce
1111 2696 1402 2736 locutionibus:
1439 2697 1491 2735 de
1518 2703 1635 2736 antro
1661 2695 1836 2747 Nymph.
1878 2708 1940 2743 14,

372 2761 500 2811 ψυχαῖς
535 2763 580 2804 εἰς
612 2763 740 2811 γένεσιν
776 2764 990 2811 κατιούσαις;
1032 2763 1092 2810 18,
1124 2762 1163 2811 ψ.
1191 2764 1237 2804 εἰς
1264 2764 1393 2812 γένεσιν
1422 2763 1555 2811 ὶοῦσαι;
1588 2774 1649 2813 19,
1675 2761 1715 2811 vla.
1740 2762 1788 2803 εἰς
1813 2761 1941 2810 γένεσιν

374 2827 491 2868 ἰούσας
500 2840 512 2875 3
551 2840 613 2876 22,
641 2827 679 2876 ψ.
707 2828 754 2869 εἰς
779 2829 908 2877 γένεσιν
935 2834 1147 2876 >contiuuo-6225
1188 2840 1249 2878 23,
1278 2829 1324 2870 εἰς
1349 2829 1411 2868 τὴν
1436 2829 1564 2876 γένισιν
1591 2826 1818 2878 ἀπερχόμενοι
1825 2839 1838 2876 3
1876 2836 1940 2876 25.

371 2891 411 2940 ψ.
437 2893 484 2933 εὶς
509 2893 637 2941 γένεσιν
664 2893 796 2934 ἰούσαις
827 2892 916 2939 (bis)
923 2906 936 2942 3
972 2893 1035 2941 26,
1062 2892 1100 2941 ψ.
1128 2894 1175 2935 εἰς
1201 2894 1329 2942 ’γένεσιν
1357 2893 1572 2945 ἐρχομὸνωνς
1606 2892 1669 2940 28,
1695 2891 1734 2940 ψ.
1763 2895 1940 2928 ’ronow-‘w

374 2957 421 2998 εἰς
448 2957 588 3005 γένεσιν.

441 3021 470 3063 9)
495 3023 640 3070 Maass,
678 3022 877 3073 OrpheuS,
909 3022 972 3071 11.,
1001 3021 1113 3061 Pauli
1141 3022 1360 3073 Epistolam
1388 3022 1441 3061 ad
1468 3022 1560 3062 Cor.
1588 3023 1620 3071 1,
1649 3035 1686 3072 3,
1720 3034 1737 3060 1
1768 3020 1938 3060 confert.
