2176 3450
1023 339 1110 386 123

277 465 488 521 γαλαξίας
500 461 597 510 iam
616 477 715 510 non
728 461 1030 511 mentionem
1044 459 1160 509 fecit
1172 460 1263 509 sed
1276 460 1420 509 aliam
1434 459 1847 524 explanationem,

277 559 492 608 eamque
524 554 635 593 toto
669 543 812 593 coelo
846 544 1110 603 diversam,
1139 543 1409 608 proposuit.
1436 543 1660 592 Eandem
1681 554 1846 591 autem

277 625 520 685 incudem,
555 643 704 691 quarn
750 625 1004 676 Dieterich
1048 626 1179 685 olim,
1226 636 1404 691 postea
1450 625 1610 674 Alline
1656 626 1845 684 tutudit,

277 708 362 773 qui
395 706 508 770 γάλα
540 710 686 758 vertit
721 708 798 768 „le
832 708 1034 759 Paradis
1066 711 1131 759 de
1166 709 1213 758 la
1257 709 1385 758 Voie
1430 709 1637 758 lactee“.
1684 710 1847 758 Primo

276 792 406 840 enim
452 792 771 842 observatum
812 793 914 841 vult
960 793 1068 851 hoc,
1110 793 1445 842 Athenienses
1479 792 1592 842 inde
1625 809 1657 841 a
1691 793 1845 858 quinti

275 875 458 924 saeculi
493 886 635 940 parte
669 875 824 925 altera
858 876 1126 926 credidisse
1146 879 1180 937 ¹)
1221 877 1434 925 animam
1476 885 1591 940 post
1635 888 1846 925 mortem

275 957 324 1006 in
369 957 561 1007 coelum
608 959 773 1008 redire
818 970 870 1008 et
909 969 1094 1008 terram
1136 976 1349 1024 corpora
1382 959 1626 1024 recipere3
1664 960 1846 1008 deinde

276 1057 370 1089 nos
403 1041 596 1107 relegat
630 1042 694 1090 ad
728 1042 966 1092 Macrobii
1000 1053 1052 1092 et
1086 1042 1343 1107 Porphyrii
1374 1042 1511 1091 locos
1540 1059 1667 1107 quos
1695 1059 1846 1107 supra

275 1123 455 1182 rettuli,
505 1134 558 1174 et
607 1125 673 1174 ad
726 1125 1000 1175 Heraclidis
1050 1126 1238 1175 Pontici
1282 1126 1458 1184 locum,
1506 1126 1588 1174 ubi
1633 1126 1844 1175 lacteum

274 1207 450 1256 orbem
484 1206 585 1255 ὁδὸν
627 1212 780 1272 ψυχῶν
816 1213 902 1255 τῶν
935 1209 1047 1271 ᾅδην
1058 1208 1133 1256 τὸν
1170 1207 1217 1257 ἐν
1256 1208 1430 1271 οὐρανῷ
1467 1212 1846 1272 διαπορευομένων

274 1290 340 1339 ab
374 1289 727 1355 Empedotimo
762 1291 945 1339 dictum
980 1291 1138 1352 esse2)
1174 1290 1406 1356 legimus3
1442 1302 1700 1356 postremo
1735 1308 1845 1340 con-

275 1372 447 1422 cludit:
501 1373 608 1432 „En
660 1390 868 1432 somme,
920 1374 1119 1439 d’apres
1169 1373 1243 1423 les
1294 1383 1426 1423 mots
1471 1375 1624 1438 ἔριφος
1647 1377 1693 1430 ἐς
1715 1372 1844 1435 γάλα,

273 1455 421 1505 Ρὲιηιε
455 1456 819 1506 bienheureuse
853 1467 931 1506 est
964 1458 1193 1506 devenue
1227 1474 1325 1506 une
1359 1457 1574 1515 divinite,
1604 1456 1699 1506 elle
1726 1458 1846 1506 s’est

274 1539 528 1589 identifiee
574 1557 696 1589 avec
743 1539 996 1605 Dionysos
1040 1551 1091 1589 et
1135 1540 1302 1589 habite
1346 1540 1394 1589 le
1439 1541 1642 1590 Paradis
1686 1541 1751 1589 de
1796 1540 1845 1590 la

274 1622 401 1672 Voie
442 1623 616 1673 lactee.
663 1623 803 1673 Ainsi
848 1624 1150 1673 concordent
1194 1634 1360 1673 toutes
1403 1623 1478 1673 les
1516 1624 1844 1688 descriptions

273 1706 336 1755 de
370 1706 418 1756 la
450 1707 675 1756 derniere
711 1709 873 1772 etape,
915 1707 1039 1756 dans
1085 1707 1159 1756 les
1204 1708 1429 1756 diverses
1473 1707 1698 1756 versions
1743 1724 1843 1772 que

272 1807 396 1839 nous
425 1793 711 1854 presentent
739 1791 812 1839 les
839 1789 1076 1840 tablettes
1099 1791 1232 1850 d'or3
1256 1807 1374 1840 sous
1392 1791 1484 1839 des
1502 1808 1645 1840 noms
1662 1791 1841 1850 divers,

272 1873 393 1922 c'est
425 1872 472 1922 le
507 1874 670 1923 meme
704 1874 907 1923 Paradis
952 1890 1049 1938 que
1095 1873 1143 1923 le
1196 1891 1459 1939 »royaume
1506 1875 1598 1923 des
1645 1874 1835 1923 Her-os«

271 1956 402 2022 (lam.
438 1956 659 2006 Petelina
698 1975 742 2005 v.
785 1972 867 2006 11:
909 1962 981 2006 καὶ
1015 1955 1104 2006 τότ’
1139 1957 1275 2007 ἔπειτ’
1304 1958 1476 2006 ἄλλοισι
1511 1958 1620 2016 μεθ’
1649 1954 1841 2020 ἦρωέσσι

339 2122 370 2171 1)
409 2121 541 2161 Alline
582 2134 656 2161 nos
696 2122 846 2173 relegat
885 2122 938 2161 ad
979 2121 1195 2162 Dieterich.
1238 2121 1466 2162 Mithraslit.
1494 2135 1535 2173 p.
1566 2134 1656 2171 τοο,
1685 2122 1843 2173 Nekyia

270 2201 311 2240 p.
357 2200 430 2239 ¹0³
473 2199 573 2238 seq„
618 2186 835 2236 Rohdinm,
877 2187 1030 2238 Psyche
1071 2189 1122 2237 Π,
1151 2201 1193 2239 p.
1222 2198 1314 2238 257,
1343 2188 1420 2238 258
1449 2195 1490 2227 et
1517 2200 1645 2227 unum
1680 2195 1839 2227 tantum

270 2253 500 2304 exemplum
527 2253 655 2302 affert,
684 2265 833 2304 nempe
861 2251 1023 2292 titulum
1051 2253 1313 2304 sepulcralem
1343 2265 1482 2292 eorum
1519 2252 1590 2304 qui
1626 2252 1841 2293 Potidaeae

269 2317 506 2359 occiderunt
535 2318 601 2367 (C.
631 2318 661 2357 1.
690 2319 742 2359 A.
769 2319 799 2367 1,
829 2319 942 2367 442):

484 2391 589 2442 Αἰθὴρ
615 2388 676 2440 μὲν
701 2389 818 2440 ψυχάς
844 2388 1044 2440 ὑπεδέξατο,
1071 2387 1238 2444 animab-a
1264 2388 1304 2426 δὲ
1331 2387 1442 2444 χθών]
1477 2396 1483 2445 Ι
1506 2388 1624 2426 τῶνδε.

268 2459 493 2501 Sicilienses
527 2460 635 2501 idem
671 2460 888 2500 credidisse
923 2460 1130 2501 concludit
1166 2473 1216 2501 ex
1245 2460 1475 2512 Epicharmi
1503 2461 1549 2500 fr.
1580 2473 1651 2512 23:
1693 2460 1840 2501 mortui

268 2524 340 2563 ἅνω
362 2525 404 2563 τὸ
429 2531 563 2577 πνεῦμα
588 2525 739 2577 διαμένει
765 2526 839 2564 κατ’
869 2526 1010 2578 οὐρανόν
1046 2534 1087 2567 et
1128 2527 1174 2567 fr.
1203 2537 1275 2578 35:
1313 2528 1484 2579 σννοφὶθη
1503 2555 1511 2563 .
1530 2554 1538 2563 .
1555 2554 1567 2565 .
1603 2527 1659 2563 καὶ
1694 2525 1840 2578 dupio„

267 2592 325 2629 nai
350 2592 497 2633 ἀπῆλθεν
524 2591 596 2629 ’ὅθεν
622 2590 700 2632 ἦλθε
725 2593 842 2642 πάλιν,
869 2596 917 2643 γᾶ
942 2591 1004 2643 μὲν
1024 2594 1070 2630 ni<
1090 2596 1169 2643 γᾶν,
1184 2597 1318 2643 πνεῦμα
1337 2591 1370 2629 δ’
1389 2591 1472 2629 ἅνω·
1493 2593 1529 2628 τί
1542 2590 1650 2629 τῶνδε
1667 2592 1839 2642 χαλεπόνς

268 2655 348 2694 οὐδὲ
374 2657 408 2694 Ξν
443 2657 508 2703 (cs.
537 2656 755 2707 Dieterich,
782 2656 938 2709 Nekyia
963 2671 1005 2709 p.
1041 2659 1115 2697 106
1142 2659 1255 2709 seq.).
1288 2657 1421 2697 Alline
1447 2664 1655 2708 praeterea
1681 2657 1839 2697 confert

268 2721 443 2762 Platonis
469 2722 603 2762 locum
631 2721 822 2772 (Politeia,
850 2723 903 2772 X,
931 2722 1023 2772 616,
1051 2723 1091 2772 b,
1118 2725 1170 2771 c.)
1204 2722 1272 2762 ubi
1294 2721 1418 2762 animi
1437 2722 1517 2762 iam
1536 2721 1616 2761 iam
1636 2723 1683 2765 εὶς
1709 2723 1839 2772 γένυσιν

268 2786 433 2827 redituri
458 2793 526 2838 ,ὣς
552 2789 642 2835 am,
670 2785 739 2825 οἷον
764 2790 871 2837 κίονα,
898 2788 1052 2839 μάλιστα
1079 2792 1121 2840 τῇ
1150 2787 1233 2841 ἴριδι
1258 2792 1431 2840 προσφερῆ
1450 2816 1458 2825 .
1477 2817 1486 2828 .
1504 2817 1514 2828 .
1532 2817 1541 2827 .
1570 2786 1758 2838 ξύνδισμον
1777 2793 1839 2825 τοῦ

268 2854 425 2905 οὐρανοῦ,
452 2851 522 2891 οἷον
547 2853 592 2891 τὰ
617 2853 829 2904 ὑποζώματα
854 2859 922 2892 τῶν
948 2858 1093 2906 τριήρων
1121 2853 1259 2893 videre
1286 2852 1489 2893 dicuntur.

337 2917 368 2965 ¹)
394 2917 653 2971 Philoponus,
680 2917 723 2958 in
750 2918 873 2959 Arist.
901 2919 1002 2959 Met.
1030 2919 1062 2970 1,
1091 2919 1170 2958 218
1178 2932 1190 2969 ;
1217 2919 1269 2959 cf.
1297 2918 1438 2958 Iambl.
1465 2917 1577 2969 apud
1603 2918 1837 2968 stobaeum,

268 2982 354 3024 Ecl.
381 2983 496 3035 phys.
524 2996 590 3032 ⁴1·
618 2996 684 3035 39.
