2170 3522
829 865 1103 916 CAPUT
1150 866 1180 914 1.

934 982 1077 989 *—

564 1132 638 1178 De
670 1146 813 1179 more
845 1133 1067 1190 quodam
1100 1132 1444 1191 Pythagoreo.

219 1284 250 1347 §
291 1298 328 1331 1.
376 1282 453 1331 De
484 1283 674 1346 origine
716 1283 1058 1346 mysteriorum
1101 1297 1222 1346 quae
1265 1283 1318 1330 in
1362 1280 1570 1330 Graecia
1603 1282 1789 1331 maiore

376 1371 495 1414 sunt
524 1365 671 1423 facta.

283 1484 444 1533 Pauca
461 1484 710 1549 quaedam
729 1484 793 1532 de
812 1484 1157 1548 mysteriorum
1168 1484 1360 1548 quaein
1374 1483 1586 1533 Graecia
1598 1483 1786 1533 maiore

218 1567 348 1616 sacta
392 1577 505 1616 sunt
549 1567 742 1633 origine
787 1567 1149 1631 praemittenda
1194 1578 1323 1616 sunt.
1375 1567 1426 1615 ln
1473 1566 1610 1616 ltalia
1655 1567 1783 1616 enim
1856 1571 1862 1576 “

216 1650 523 1700 meridionali
551 1652 747 1709 κοινόβια
789 1650 1109 1716 Pythagorea
1154 1649 1269 1699 olim
1321 1649 1604 1709 floruerant,
1657 1666 1785 1714 quae

214 1733 260 1783 vi
290 1734 493 1799 quidem
527 1751 757 1799 repressa
790 1745 916 1792 sunt,
952 1734 1041 1783 sed
1075 1733 1404 1799 Orphicorum
1439 1733 1785 1783 sodaliciorum

214 1817 384 1882 specie
417 1818 716 1883 perdurasse
751 1818 1002 1876 videntur3
1050 1817 1115 1866 de
1160 1817 1338 1882 quibus
1384 1817 1687 1877 Dieterich1)
1735 1817 1781 1866 in

213 1901 627 1950 commentatione
642 1902 738 1959 „de
757 1901 942 1966 hymno
954 1900 1171 1965 quodam
1185 1899 1410 1965 Orphico
1428 1899 1781 1966 Pythagoreo”

213 1983 342 2033 hunc
375 1985 423 2033 in
452 1985 657 2034 modum
685 1984 971 2049 disputavit:
1003 1994 1300 2049 „postquam
1331 1983 1643 2048 Pythagoras
1673 1983 1782 2032 reli-

212 2067 372 2132 gionis
390 2083 552 2132 paene
571 2085 730 2116 novae
749 2068 955 2116 antistes
973 2077 1024 2116 et
1041 2077 1215 2116 auctor
1233 2068 1278 2116 in
1292 2066 1481 2116 Italiam
1495 2066 1780 2116 inferiorem

211 2150 502 2217 demigravit
545 2161 596 2200 et
638 2167 728 2215 per
773 2151 925 2200 multa
969 2151 1154 2215 oppida
1198 2168 1340 2199 suum
1380 2154 1453 2194 τοῦ
1490 2151 1589 2208 βίον
1620 2154 1779 2206 τρόπον

211 2235 510 2300 propagavit
535 2273 545 2282 .
574 2273 583 2282 .
613 2272 623 2282 .
669 2233 834 2298 paullo
879 2244 994 2299 post
1038 2233 1370 2298 Orphicorum
1418 2234 1594 2299 placita
1629 2245 1779 2299 atque

211 2315 360 2366 effata
393 2318 459 2366 ad
493 2317 836 2383 Pythagoreos
869 2317 1105 2366 translata
1134 2328 1185 2366 et
1213 2327 1474 2381 utramque
1502 2318 1779 2367 doctrinam

210 2399 356 2464 plane
371 2401 687 2450 commixtam
704 2418 817 2450 esse
835 2402 1026 2450 scimus.
1041 2401 1143 2450 Iam
1161 2418 1282 2450 vero
1300 2401 1536 2450 sodalicia
1554 2400 1775 2466 Orphica

210 2483 526 2549 Pythagorea
561 2485 802 2549 permulta
837 2485 883 2533 in
919 2484 997 2533 illa
1031 2495 1162 2533 terra
1197 2485 1414 2533 instituta
1448 2495 1574 2533 sunt.
1624 2484 1774 2541 Ecce,

211 2566 359 2616 hodie
403 2567 591 2616 illorum
643 2568 896 2616 hominum
949 2585 1120 2617 versus
1173 2568 1405 2633 prodiere
1457 2585 1487 2617 e
1538 2568 1778 2632 sepulcris

210 2649 437 2699 Thurinis
471 2661 523 2700 et
557 2651 833 2700 Petelinis”.

278 2733 357 2781 Ab
391 2733 483 2782 hac
528 2735 771 2783 sententia
818 2734 950 2783 haud
994 2736 1061 2784 ita
1106 2735 1308 2784 multum
1355 2734 1517 2784 differt
1564 2734 1777 2798 Gruppii

210 2816 392 2880 opinio,
403 2820 436 2879 ⁸)
455 2817 536 2880 qui
554 2818 761 2867 coniecit
772 2817 993 2867 Crotone
1013 2829 1155 2867 sexto
1167 2818 1367 2867 saeculo
1380 2835 1425 2867 a.
1441 2817 1555 2866 Chr.
1573 2834 1669 2883 gen
1676 2828 1775 2866 tem

210 2899 475 2963 quamdam
494 2900 558 2948 ab
577 2899 783 2964 Orpheo
801 2902 1041 2967 originem
1067 2901 1345 2950 trahentem
1370 2901 1588 2967 viguisse
1615 2917 1776 2965 exque

280 3031 308 3074 ¹)
338 3030 554 3080 Dieterich,
584 3032 648 3070 Kl.
678 3031 788 3071 Schr.
819 3045 855 3082 p.
888 3044 949 3082 9¹·

277 3095 307 3137 ἢ
336 3096 504 3148 Gruppe
532 3096 572 3135 in
602 3096 793 3136 Roscheri
820 3096 949 3137 lexico
977 3110 1007 3136 s.
1037 3110 1072 3135 ν.
1105 3098 1305 3148 Orpheus,
1335 3111 1374 3149 p.
1409 3098 1647 3137 noo-1108.
