<?xml version="1.0" encoding="UTF-8"?>
<!DOCTYPE html PUBLIC "-//W3C//DTD XHTML 1.0 Transitional//EN"
    "http://www.w3.org/TR/xhtml1/DTD/xhtml1-transitional.dtd">
<html xmlns="http://www.w3.org/1999/xhtml" xml:lang="en" lang="en">
 <head>
  <title>
</title>
<meta http-equiv="Content-Type" content="text/html;charset=utf-8" />
  <meta name='ocr-system' content='tesseract 3.04.00' />
  <meta name='ocr-capabilities' content='ocr_page ocr_carea ocr_par ocr_line ocrx_word'/>
</head>
<body>
  <div class='ocr_page' id='page_1' title='image "./detribuslaminisa00wietuoft_0026.png"; bbox 0 0 2176 3450; ppageno 0'>
   <div class='ocr_carea' id='block_1_1' title="bbox 1138 345 1192 390">
    <p class='ocr_par' dir='ltr' id='par_1_1' title="bbox 1138 345 1192 390">
     <span class='ocr_line' id='line_1_1' title="bbox 1138 345 1192 390; baseline 0 0"><span class='ocrx_word' id='word_1_1' title='bbox 1138 345 1192 390; x_wconf 87' lang='lat'>16</span> 
     </span>
    </p>
   </div>
   <div class='ocr_carea' id='block_1_2' title="bbox 381 478 1957 2452">
    <p class='ocr_par' dir='ltr' id='par_1_2' title="bbox 381 478 1949 1448">
     <span class='ocr_line' id='line_1_2' title="bbox 454 478 1945 543; baseline 0 -15"><span class='ocrx_word' id='word_1_2' title='bbox 454 481 564 530; x_wconf 87' lang='lat' dir='ltr'>Hoc</span> <span class='ocrx_word' id='word_1_3' title='bbox 583 481 711 529; x_wconf 90' lang='lat' dir='ltr'>enim</span> <span class='ocrx_word' id='word_1_4' title='bbox 731 480 1059 543; x_wconf 81' lang='lat' dir='ltr'>proverbium,</span> <span class='ocrx_word' id='word_1_5' title='bbox 1095 478 1229 526; x_wconf 89' lang='lat' dir='ltr'>cuius</span> <span class='ocrx_word' id='word_1_6' title='bbox 1263 478 1326 526; x_wconf 91' lang='lat' dir='ltr'>de</span> <span class='ocrx_word' id='word_1_7' title='bbox 1363 489 1564 526; x_wconf 86' lang='lat' dir='ltr'>auctore</span> <span class='ocrx_word' id='word_1_8' title='bbox 1593 478 1706 526; x_wconf 87' lang='lat' dir='ltr'>nihil</span> <span class='ocrx_word' id='word_1_9' title='bbox 1737 490 1945 538; x_wconf 77' lang='lat' dir='ltr'>constat,</span> 
     </span>
     <span class='ocr_line' id='line_1_3' title="bbox 383 561 1947 625; baseline 0 -13"><span class='ocrx_word' id='word_1_10' title='bbox 383 565 429 612; x_wconf 90' lang='lat' dir='ltr'>in</span> <span class='ocrx_word' id='word_1_11' title='bbox 477 565 690 612; x_wconf 90' lang='lat' dir='ltr'>animum</span> <span class='ocrx_word' id='word_1_12' title='bbox 731 562 901 610; x_wconf 88' lang='lat' dir='ltr'>mortis</span> <span class='ocrx_word' id='word_1_13' title='bbox 935 561 1081 610; x_wconf 91' lang='lat' dir='ltr'>limen</span> <span class='ocrx_word' id='word_1_14' title='bbox 1118 561 1332 609; x_wconf 89' lang='lat' dir='ltr'>nondum</span> <span class='ocrx_word' id='word_1_15' title='bbox 1367 571 1732 625; x_wconf 86' lang='lat' dir='ltr'>transgressum</span> <span class='ocrx_word' id='word_1_16' title='bbox 1767 562 1947 612; x_wconf 86' lang='lat' dir='ltr'>cadere</span> 
     </span>
     <span class='ocr_line' id='line_1_4' title="bbox 384 643 1943 709; baseline 0.003 -19"><span class='ocrx_word' id='word_1_17' title='bbox 384 658 436 696; x_wconf 85' lang='lat' dir='ltr'>et</span> <span class='ocrx_word' id='word_1_18' title='bbox 453 651 568 704; x_wconf 79' lang='grc' dir='ltr'><strong><em>ψυχή</em></strong></span> <span class='ocrx_word' id='word_1_19' title='bbox 593 646 668 693; x_wconf 91' lang='lat' dir='ltr'>hic</span> <span class='ocrx_word' id='word_1_20' title='bbox 694 645 809 693; x_wconf 86' lang='lat' dir='ltr'>nihil</span> <span class='ocrx_word' id='word_1_21' title='bbox 835 645 920 692; x_wconf 87' lang='lat' dir='ltr'>nisi</span> <span class='ocrx_word' id='word_1_22' title='bbox 940 644 1186 695; x_wconf 83' lang='lat' dir='ltr'>hominem</span> <span class='ocrx_word' id='word_1_23' title='bbox 1212 643 1487 708; x_wconf 84' lang='lat' dir='ltr'>significare</span> <span class='ocrx_word' id='word_1_24' title='bbox 1510 644 1722 697; x_wconf 61' lang='lat' dir='ltr'>videtum</span> <span class='ocrx_word' id='word_1_25' title='bbox 1739 651 1772 698; x_wconf 89' lang='grc'>1)</span> <span class='ocrx_word' id='word_1_26' title='bbox 1796 661 1943 709; x_wconf 87' lang='lat' dir='ltr'>quam</span> 
     </span>
     <span class='ocr_line' id='line_1_5' title="bbox 384 725 1947 790; baseline -0.002 -11"><span class='ocrx_word' id='word_1_27' title='bbox 384 731 449 779; x_wconf 94' lang='lat' dir='ltr'>ob</span> <span class='ocrx_word' id='word_1_28' title='bbox 473 746 671 778; x_wconf 90' lang='lat' dir='ltr'>causam</span> <span class='ocrx_word' id='word_1_29' title='bbox 698 729 744 776; x_wconf 88' lang='lat' dir='ltr'>in</span> <span class='ocrx_word' id='word_1_30' title='bbox 775 727 1004 790; x_wconf 88' lang='lat' dir='ltr'>exemplo</span> <span class='ocrx_word' id='word_1_31' title='bbox 1033 727 1176 774; x_wconf 90' lang='lat' dir='ltr'>nobis</span> <span class='ocrx_word' id='word_1_32' title='bbox 1205 727 1282 784; x_wconf 86' lang='lat' dir='ltr'>sit,</span> <span class='ocrx_word' id='word_1_33' title='bbox 1303 743 1365 774; x_wconf 89' lang='lat' dir='ltr'>ne</span> <span class='ocrx_word' id='word_1_34' title='bbox 1385 725 1632 774; x_wconf 90' lang='lat' dir='ltr'>Osiridem</span> <span class='ocrx_word' id='word_1_35' title='bbox 1651 744 1947 790; x_wconf 87' lang='lat' dir='ltr'>quaeramus</span> 
     </span>
     <span class='ocr_line' id='line_1_6' title="bbox 383 809 1944 876; baseline -0.001 -16"><span class='ocrx_word' id='word_1_36' title='bbox 383 813 674 876; x_wconf 89' lang='lat' dir='ltr'>ubicumque</span> <span class='ocrx_word' id='word_1_37' title='bbox 717 826 846 874; x_wconf 87' lang='lat' dir='ltr'>aqua</span> <span class='ocrx_word' id='word_1_38' title='bbox 889 809 1066 874; x_wconf 88' lang='lat' dir='ltr'>frigida</span> <span class='ocrx_word' id='word_1_39' title='bbox 1101 809 1391 857; x_wconf 88' lang='lat' dir='ltr'>nominatur.</span> <span class='ocrx_word' id='word_1_40' title='bbox 1441 809 1732 858; x_wconf 83' lang='lat' dir='ltr'><strong>Praesertim</strong></span> <span class='ocrx_word' id='word_1_41' title='bbox 1778 822 1944 859; x_wconf 86' lang='lat' dir='ltr'>autem</span> 
     </span>
     <span class='ocr_line' id='line_1_7' title="bbox 383 892 1943 957; baseline -0.001 -13"><span class='ocrx_word' id='word_1_42' title='bbox 383 895 586 944; x_wconf 89' lang='lat' dir='ltr'>Graecis</span> <span class='ocrx_word' id='word_1_43' title='bbox 620 894 668 941; x_wconf 91' lang='lat' dir='ltr'>in</span> <span class='ocrx_word' id='word_1_44' title='bbox 703 893 852 940; x_wconf 86' lang='lat' dir='ltr'>literis</span> <span class='ocrx_word' id='word_1_45' title='bbox 880 892 1153 940; x_wconf 86' lang='lat' dir='ltr'>cavendum</span> <span class='ocrx_word' id='word_1_46' title='bbox 1184 902 1261 940; x_wconf 89' lang='lat' dir='ltr'>est</span> <span class='ocrx_word' id='word_1_47' title='bbox 1291 909 1352 940; x_wconf 89' lang='lat' dir='ltr'>ne</span> <span class='ocrx_word' id='word_1_48' title='bbox 1382 909 1538 956; x_wconf 92' lang='lat' dir='ltr'>usque</span> <span class='ocrx_word' id='word_1_49' title='bbox 1568 909 1764 957; x_wconf 90' lang='lat' dir='ltr'>quaque</span> <span class='ocrx_word' id='word_1_50' title='bbox 1795 894 1943 942; x_wconf 90' lang='lat' dir='ltr'>deum</span> 
     </span>
     <span class='ocr_line' id='line_1_8' title="bbox 381 975 1947 1043; baseline -0.001 -16"><span class='ocrx_word' id='word_1_51' title='bbox 381 978 663 1043; x_wconf 88' lang='lat' dir='ltr'>aegyptium</span> <span class='ocrx_word' id='word_1_52' title='bbox 693 976 981 1034; x_wconf 81' lang='lat' dir='ltr'>odoremur3</span> <span class='ocrx_word' id='word_1_53' title='bbox 1017 975 1224 1024; x_wconf 85' lang='lat' dir='ltr'>Graecis</span> <span class='ocrx_word' id='word_1_54' title='bbox 1252 975 1380 1023; x_wconf 87' lang='lat' dir='ltr'>enim</span> <span class='ocrx_word' id='word_1_55' title='bbox 1410 975 1455 1023; x_wconf 90' lang='lat' dir='ltr'>in</span> <span class='ocrx_word' id='word_1_56' title='bbox 1487 976 1800 1039; x_wconf 85' lang='lat' dir='ltr'>proverbium</span> <span class='ocrx_word' id='word_1_57' title='bbox 1830 976 1947 1026; x_wconf 86' lang='lat' dir='ltr'>abiit</span> 
     </span>
     <span class='ocr_line' id='line_1_9' title="bbox 383 1057 1949 1122; baseline -0.001 -13"><span class='ocrx_word' id='word_1_58' title='bbox 383 1060 511 1109; x_wconf 90' lang='lat' dir='ltr'>istud</span> <span class='ocrx_word' id='word_1_59' title='bbox 549 1065 720 1115; x_wconf 78' lang='grc' dir='ltr'><em>ἄριστον</em></span> <span class='ocrx_word' id='word_1_60' title='bbox 749 1061 827 1113; x_wconf 79' lang='grc' dir='ltr'>μὲν</span> <span class='ocrx_word' id='word_1_61' title='bbox 853 1058 964 1113; x_wconf 80' lang='grc' dir='ltr'><em>ὕδωρ</em></span> <span class='ocrx_word' id='word_1_62' title='bbox 1003 1070 1052 1105; x_wconf 88' lang='lat' dir='ltr'>et</span> <span class='ocrx_word' id='word_1_63' title='bbox 1096 1057 1236 1106; x_wconf 88' lang='lat' dir='ltr'>facile</span> <span class='ocrx_word' id='word_1_64' title='bbox 1277 1058 1417 1106; x_wconf 88' lang='lat' dir='ltr'>nobis</span> <span class='ocrx_word' id='word_1_65' title='bbox 1458 1058 1646 1122; x_wconf 87' lang='lat' dir='ltr'>fingere</span> <span class='ocrx_word' id='word_1_66' title='bbox 1687 1076 1949 1122; x_wconf 90' lang='lat' dir='ltr'>possumus</span> 
     </span>
     <span class='ocr_line' id='line_1_10' title="bbox 385 1141 1946 1192; baseline -0.001 0"><span class='ocrx_word' id='word_1_67' title='bbox 385 1144 514 1192; x_wconf 88' lang='lat' dir='ltr'>hunc</span> <span class='ocrx_word' id='word_1_68' title='bbox 559 1143 751 1191; x_wconf 89' lang='lat' dir='ltr'>dicendi</span> <span class='ocrx_word' id='word_1_69' title='bbox 797 1142 995 1190; x_wconf 89' lang='lat' dir='ltr'>modum</span> <span class='ocrx_word' id='word_1_70' title='bbox 1044 1159 1072 1190; x_wconf 92' lang='lat' dir='ltr'>e</span> <span class='ocrx_word' id='word_1_71' title='bbox 1115 1142 1214 1189; x_wconf 88' lang='lat' dir='ltr'>vita</span> <span class='ocrx_word' id='word_1_72' title='bbox 1250 1141 1495 1189; x_wconf 90' lang='lat' dir='ltr'>cotidiana</span> <span class='ocrx_word' id='word_1_73' title='bbox 1531 1141 1578 1189; x_wconf 91' lang='lat' dir='ltr'>in</span> <span class='ocrx_word' id='word_1_74' title='bbox 1616 1158 1719 1190; x_wconf 86' lang='lat' dir='ltr'>rem</span> <span class='ocrx_word' id='word_1_75' title='bbox 1755 1142 1946 1191; x_wconf 72' lang='lat' dir='ltr'>sacfam</span> 
     </span>
     <span class='ocr_line' id='line_1_11' title="bbox 383 1225 1945 1275; baseline -0.001 0"><span class='ocrx_word' id='word_1_76' title='bbox 383 1226 607 1275; x_wconf 87' lang='lat' dir='ltr'>tralatum</span> <span class='ocrx_word' id='word_1_77' title='bbox 627 1243 754 1274; x_wconf 89' lang='lat' dir='ltr'>esse.</span> <span class='ocrx_word' id='word_1_78' title='bbox 778 1226 929 1272; x_wconf 90' lang='lat' dir='ltr'>Immo</span> <span class='ocrx_word' id='word_1_79' title='bbox 949 1225 1074 1273; x_wconf 91' lang='lat' dir='ltr'>hanc</span> <span class='ocrx_word' id='word_1_80' title='bbox 1092 1225 1404 1272; x_wconf 85' lang='lat' dir='ltr'>tralationem</span> <span class='ocrx_word' id='word_1_81' title='bbox 1424 1225 1470 1272; x_wconf 89' lang='lat' dir='ltr'>in</span> <span class='ocrx_word' id='word_1_82' title='bbox 1491 1225 1704 1273; x_wconf 85' lang='lat' dir='ltr'>carmine</span> <span class='ocrx_word' id='word_1_83' title='bbox 1724 1225 1945 1274; x_wconf 86' lang='lat' dir='ltr'>Petelino</span> 
     </span>
     <span class='ocr_line' id='line_1_12' title="bbox 384 1307 1947 1373; baseline 0 -16"><span class='ocrx_word' id='word_1_84' title='bbox 384 1320 499 1357; x_wconf 91' lang='lat' dir='ltr'>ante</span> <span class='ocrx_word' id='word_1_85' title='bbox 535 1308 703 1357; x_wconf 87' lang='lat' dir='ltr'>oculos</span> <span class='ocrx_word' id='word_1_86' title='bbox 739 1308 980 1355; x_wconf 85' lang='lat' dir='ltr'>videmus:</span> <span class='ocrx_word' id='word_1_87' title='bbox 1029 1307 1190 1355; x_wconf 90' lang='lat' dir='ltr'>anima</span> <span class='ocrx_word' id='word_1_88' title='bbox 1225 1307 1356 1354; x_wconf 88' lang='lat' dir='ltr'>enim</span> <span class='ocrx_word' id='word_1_89' title='bbox 1399 1323 1581 1371; x_wconf 89' lang='lat' dir='ltr'>aquam</span> <span class='ocrx_word' id='word_1_90' title='bbox 1629 1319 1774 1372; x_wconf 87' lang='lat' dir='ltr'>rogat</span> <span class='ocrx_word' id='word_1_91' title='bbox 1819 1324 1947 1373; x_wconf 89' lang='lat' dir='ltr'>quae</span> 
     </span>
     <span class='ocr_line' id='line_1_13' title="bbox 385 1393 747 1448; baseline -0.014 -7"><span class='ocrx_word' id='word_1_92' title='bbox 385 1402 461 1441; x_wconf 83' lang='lat' dir='ltr'>est</span> <span class='ocrx_word' id='word_1_93' title='bbox 495 1393 619 1448; x_wconf 81' lang='grc' dir='ltr'><strong><em>δίψηι</em></strong></span> <span class='ocrx_word' id='word_1_94' title='bbox 651 1393 747 1447; x_wconf 82' lang='grc' dir='ltr'><strong><em>αὕη.</em></strong></span> 
     </span>
    </p>

    <p class='ocr_par' dir='ltr' id='par_1_3' title="bbox 385 1474 1957 2452">
     <span class='ocr_line' id='line_1_14' title="bbox 450 1474 1948 1539; baseline -0.001 -15"><span class='ocrx_word' id='word_1_95' title='bbox 450 1475 593 1538; x_wconf 77' lang='lat' dir='ltr'>Quae</span> <span class='ocrx_word' id='word_1_96' title='bbox 628 1492 736 1523; x_wconf 90' lang='lat' dir='ltr'>cum</span> <span class='ocrx_word' id='word_1_97' title='bbox 766 1476 947 1539; x_wconf 79' lang='lat' dir='ltr'>cogito,</span> <span class='ocrx_word' id='word_1_98' title='bbox 981 1475 1092 1523; x_wconf 86' lang='lat' dir='ltr'>mihi</span> <span class='ocrx_word' id='word_1_99' title='bbox 1125 1491 1221 1523; x_wconf 91' lang='lat' dir='ltr'>non</span> <span class='ocrx_word' id='word_1_100' title='bbox 1251 1474 1447 1522; x_wconf 87' lang='lat' dir='ltr'>dubium</span> <span class='ocrx_word' id='word_1_101' title='bbox 1474 1491 1585 1522; x_wconf 90' lang='lat' dir='ltr'>esse</span> <span class='ocrx_word' id='word_1_102' title='bbox 1611 1474 1805 1523; x_wconf 85' lang='lat' dir='ltr'>videtur</span> <span class='ocrx_word' id='word_1_103' title='bbox 1832 1475 1948 1539; x_wconf 89' lang='lat' dir='ltr'>quin</span> 
     </span>
     <span class='ocr_line' id='line_1_15' title="bbox 386 1557 1950 1615; baseline -0.001 -8"><span class='ocrx_word' id='word_1_104' title='bbox 386 1560 562 1615; x_wconf 86' lang='lat' dir='ltr'>Lehrs‚</span> <span class='ocrx_word' id='word_1_105' title='bbox 598 1558 828 1615; x_wconf 83' lang='lat' dir='ltr'>Foucart‚</span> <span class='ocrx_word' id='word_1_106' title='bbox 866 1558 1083 1606; x_wconf 89' lang='lat' dir='ltr'>Cumont</span> <span class='ocrx_word' id='word_1_107' title='bbox 1123 1559 1169 1605; x_wconf 88' lang='lat' dir='ltr'>in</span> <span class='ocrx_word' id='word_1_108' title='bbox 1213 1574 1381 1605; x_wconf 87' lang='lat' dir='ltr'>errore</span> <span class='ocrx_word' id='word_1_109' title='bbox 1423 1569 1678 1606; x_wconf 87' lang='lat' dir='ltr'>versentur</span> <span class='ocrx_word' id='word_1_110' title='bbox 1721 1569 1771 1606; x_wconf 92' lang='lat' dir='ltr'>et</span> <span class='ocrx_word' id='word_1_111' title='bbox 1812 1557 1950 1606; x_wconf 86' lang='lat' dir='ltr'>Diels</span> 
     </span>
     <span class='ocr_line' id='line_1_16' title="bbox 389 1640 1957 1708; baseline -0.001 -18"><span class='ocrx_word' id='word_1_112' title='bbox 389 1642 670 1706; x_wconf 88' lang='lat' dir='ltr'>sequendus</span> <span class='ocrx_word' id='word_1_113' title='bbox 716 1642 788 1689; x_wconf 88' lang='lat' dir='ltr'>sit.</span> <span class='ocrx_word' id='word_1_114' title='bbox 854 1641 951 1702; x_wconf 78' lang='lat' dir='ltr'>Qui</span> <span class='ocrx_word' id='word_1_115' title='bbox 986 1641 1177 1704; x_wconf 85' lang='lat' dir='ltr'>scripsit</span> <span class='ocrx_word' id='word_1_116' title='bbox 1192 1644 1225 1702; x_wconf 79' lang='lat'>2)</span> <span class='ocrx_word' id='word_1_117' title='bbox 1273 1643 1468 1699; x_wconf 66' lang='lat' dir='ltr'>„zpvxodv</span> <span class='ocrx_word' id='word_1_118' title='bbox 1504 1640 1615 1696; x_wconf 81' lang='grc' dir='ltr'><em>ὕδωρ</em></span> <span class='ocrx_word' id='word_1_119' title='bbox 1660 1640 1814 1690; x_wconf 88' lang='lat' dir='ltr'>findet</span> <span class='ocrx_word' id='word_1_120' title='bbox 1847 1641 1957 1708; x_wconf 34' lang='lat' dir='ltr'>sich„</span> 
     </span>
     <span class='ocr_line' id='line_1_17' title="bbox 385 1723 1948 1788; baseline -0.001 -15"><span class='ocrx_word' id='word_1_121' title='bbox 385 1725 575 1774; x_wconf 67' lang='lat' dir='ltr'>ah‘nlich</span> <span class='ocrx_word' id='word_1_122' title='bbox 599 1725 692 1772; x_wconf 89' lang='lat' dir='ltr'>seit</span> <span class='ocrx_word' id='word_1_123' title='bbox 717 1725 830 1772; x_wconf 90' lang='lat' dir='ltr'>dem</span> <span class='ocrx_word' id='word_1_124' title='bbox 856 1724 1097 1771; x_wconf 86' lang='lat' dir='ltr'>mittleren</span> <span class='ocrx_word' id='word_1_125' title='bbox 1126 1724 1276 1772; x_wconf 89' lang='lat' dir='ltr'>Reich</span> <span class='ocrx_word' id='word_1_126' title='bbox 1302 1725 1347 1772; x_wconf 88' lang='lat' dir='ltr'>in</span> <span class='ocrx_word' id='word_1_127' title='bbox 1378 1723 1733 1788; x_wconf 77' lang='lat' dir='ltr'>aegyptischen</span> <span class='ocrx_word' id='word_1_128' title='bbox 1765 1725 1948 1772; x_wconf 75' lang='lat' dir='ltr'>&#39;l&#39;oten-</span> 
     </span>
     <span class='ocr_line' id='line_1_18' title="bbox 385 1807 1948 1871; baseline -0.001 -15"><span class='ocrx_word' id='word_1_129' title='bbox 385 1808 618 1856; x_wconf 74' lang='lat' dir='ltr'>biichern.</span> <span class='ocrx_word' id='word_1_130' title='bbox 644 1807 755 1871; x_wconf 82' lang='lat' dir='ltr'>vgl.</span> <span class='ocrx_word' id='word_1_131' title='bbox 778 1807 1006 1864; x_wconf 80' lang='lat' dir='ltr'>Cumont,</span> <span class='ocrx_word' id='word_1_132' title='bbox 1027 1807 1131 1855; x_wconf 90' lang='lat' dir='ltr'>Rel.</span> <span class='ocrx_word' id='word_1_133' title='bbox 1154 1807 1436 1855; x_wconf 89' lang='lat' dir='ltr'>Orientales</span> <span class='ocrx_word' id='word_1_134' title='bbox 1461 1807 1612 1868; x_wconf 86' lang='lat' dir='ltr'>(Paris</span> <span class='ocrx_word' id='word_1_135' title='bbox 1631 1813 1772 1868; x_wconf 89' lang='lat'>1907)</span> <span class='ocrx_word' id='word_1_136' title='bbox 1800 1808 1948 1868; x_wconf 80' lang='lat'><strong>279⁸¹.</strong></span> 
     </span>
     <span class='ocr_line' id='line_1_19' title="bbox 388 1890 1951 1955; baseline -0.001 -16"><span class='ocrx_word' id='word_1_137' title='bbox 388 1891 500 1939; x_wconf 90' lang='lat' dir='ltr'>Wie</span> <span class='ocrx_word' id='word_1_138' title='bbox 533 1891 690 1955; x_wconf 87' lang='lat' dir='ltr'>wenig</span> <span class='ocrx_word' id='word_1_139' title='bbox 719 1891 856 1938; x_wconf 88' lang='lat' dir='ltr'>diese</span> <span class='ocrx_word' id='word_1_140' title='bbox 887 1891 948 1937; x_wconf 91' lang='lat' dir='ltr'>im</span> <span class='ocrx_word' id='word_1_141' title='bbox 968 1890 1135 1937; x_wconf 79' lang='lat' dir='ltr'>Siiden</span> <span class='ocrx_word' id='word_1_142' title='bbox 1156 1890 1673 1938; x_wconf 76' lang='lat' dir='ltr'>selbstverstandliche</span> <span class='ocrx_word' id='word_1_143' title='bbox 1686 1891 1951 1954; x_wconf 83' lang='lat' dir='ltr'>Metapher</span> 
     </span>
     <span class='ocr_line' id='line_1_20' title="bbox 387 1973 1947 2037; baseline -0.001 -15"><span class='ocrx_word' id='word_1_144' title='bbox 387 1974 472 2022; x_wconf 91' lang='lat' dir='ltr'>auf</span> <span class='ocrx_word' id='word_1_145' title='bbox 509 1974 709 2021; x_wconf 89' lang='lat' dir='ltr'>inneren</span> <span class='ocrx_word' id='word_1_146' title='bbox 756 1973 1185 2037; x_wconf 82' lang='lat' dir='ltr'>Zusammenhang</span> <span class='ocrx_word' id='word_1_147' title='bbox 1231 1991 1287 2020; x_wconf 89' lang='lat' dir='ltr'>zu</span> <span class='ocrx_word' id='word_1_148' title='bbox 1333 1973 1602 2021; x_wconf 90' lang='lat' dir='ltr'>sehliessen</span> <span class='ocrx_word' id='word_1_149' title='bbox 1654 1973 1947 2037; x_wconf 82' lang='lat' dir='ltr'>berechtigt‚</span> 
     </span>
     <span class='ocr_line' id='line_1_21' title="bbox 388 2054 1949 2121; baseline -0.001 -16"><span class='ocrx_word' id='word_1_150' title='bbox 388 2057 593 2105; x_wconf 85' lang='lat' dir='ltr'>beweist</span> <span class='ocrx_word' id='word_1_151' title='bbox 617 2058 696 2104; x_wconf 92' lang='lat' dir='ltr'>die</span> <span class='ocrx_word' id='word_1_152' title='bbox 722 2073 846 2121; x_wconf 86' lang='lat' dir='ltr'>ganz</span> <span class='ocrx_word' id='word_1_153' title='bbox 870 2056 1092 2104; x_wconf 73' lang='lat' dir='ltr'>ahnliche</span> <span class='ocrx_word' id='word_1_154' title='bbox 1113 2056 1317 2104; x_wconf 85' lang='lat' dir='ltr'>Formel</span> <span class='ocrx_word' id='word_1_155' title='bbox 1342 2057 1432 2103; x_wconf 89' lang='lat' dir='ltr'>der</span> <span class='ocrx_word' id='word_1_156' title='bbox 1455 2054 1764 2120; x_wconf 76' lang='lat' dir='ltr'>Babyloniei·‚</span> <span class='ocrx_word' id='word_1_157' title='bbox 1795 2058 1949 2104; x_wconf 89' lang='lat' dir='ltr'>deren</span> 
     </span>
     <span class='ocr_line' id='line_1_22' title="bbox 390 2138 1948 2196; baseline -0.002 -8"><span class='ocrx_word' id='word_1_158' title='bbox 390 2140 525 2188; x_wconf 89' lang='lat' dir='ltr'>Tote</span> <span class='ocrx_word' id='word_1_159' title='bbox 544 2139 644 2187; x_wconf 89' lang='lat' dir='ltr'>sich</span> <span class='ocrx_word' id='word_1_160' title='bbox 664 2139 927 2187; x_wconf 82' lang='lat' dir='ltr'>w&#39;unschen</span> <span class='ocrx_word' id='word_1_161' title='bbox 947 2140 992 2186; x_wconf 89' lang='lat' dir='ltr'>in</span> <span class='ocrx_word' id='word_1_162' title='bbox 1018 2140 1107 2186; x_wconf 88' lang='lat' dir='ltr'>der</span> <span class='ocrx_word' id='word_1_163' title='bbox 1134 2139 1403 2187; x_wconf 83' lang='lat' dir='ltr'>Unterwelt</span> <span class='ocrx_word' id='word_1_164' title='bbox 1423 2139 1616 2196; x_wconf 84' lang='lat' dir='ltr'>„klares</span> <span class='ocrx_word' id='word_1_165' title='bbox 1635 2138 1873 2187; x_wconf 86' lang='lat' dir='ltr'>Wasser&#39;’</span> <span class='ocrx_word' id='word_1_166' title='bbox 1893 2156 1948 2186; x_wconf 92' lang='lat' dir='ltr'>zu</span> 
     </span>
     <span class='ocr_line' id='line_1_23' title="bbox 387 2221 1950 2286; baseline 0 -17"><span class='ocrx_word' id='word_1_167' title='bbox 387 2223 594 2270; x_wconf 84' lang='lat' dir='ltr'><strong>trinken.</strong></span> <span class='ocrx_word' id='word_1_168' title='bbox 617 2222 879 2279; x_wconf 82' lang='lat' dir='ltr'>Delitzsch‚</span> <span class='ocrx_word' id='word_1_169' title='bbox 893 2221 1042 2269; x_wconf 81' lang='lat' dir='ltr'>Babel</span> <span class='ocrx_word' id='word_1_170' title='bbox 1060 2222 1160 2268; x_wconf 90' lang='lat' dir='ltr'>und</span> <span class='ocrx_word' id='word_1_171' title='bbox 1175 2222 1309 2270; x_wconf 90' lang='lat' dir='ltr'>Bibel</span> <span class='ocrx_word' id='word_1_172' title='bbox 1329 2222 1368 2268; x_wconf 78' lang='lat'>1⁵</span> <span class='ocrx_word' id='word_1_173' title='bbox 1388 2222 1532 2283; x_wconf 75' lang='lat'><strong>72⁹⁶’&#39;.</strong></span> <span class='ocrx_word' id='word_1_174' title='bbox 1549 2221 1787 2269; x_wconf 83' lang='lat' dir='ltr'>Videmus</span> <span class='ocrx_word' id='word_1_175' title='bbox 1806 2222 1950 2286; x_wconf 87' lang='lat' dir='ltr'>igitur</span> 
     </span>
     <span class='ocr_line' id='line_1_24' title="bbox 393 2305 1948 2367; baseline -0.001 -14"><span class='ocrx_word' id='word_1_176' title='bbox 393 2305 570 2353; x_wconf 88' lang='lat' dir='ltr'>nullam</span> <span class='ocrx_word' id='word_1_177' title='bbox 601 2322 797 2353; x_wconf 90' lang='lat' dir='ltr'>causam</span> <span class='ocrx_word' id='word_1_178' title='bbox 828 2321 940 2352; x_wconf 89' lang='lat' dir='ltr'>esse</span> <span class='ocrx_word' id='word_1_179' title='bbox 969 2321 1053 2352; x_wconf 87' lang='lat' dir='ltr'>cur</span> <span class='ocrx_word' id='word_1_180' title='bbox 1083 2314 1305 2353; x_wconf 85' lang='lat' dir='ltr'>sumatur</span> <span class='ocrx_word' id='word_1_181' title='bbox 1333 2305 1581 2352; x_wconf 84' lang='lat' dir='ltr'>literarum</span> <span class='ocrx_word' id='word_1_182' title='bbox 1610 2305 1948 2367; x_wconf 87' lang='lat' dir='ltr'>sepulcralium</span> 
     </span>
     <span class='ocr_line' id='line_1_25' title="bbox 387 2388 1843 2452; baseline -0.001 -17"><span class='ocrx_word' id='word_1_183' title='bbox 387 2388 790 2449; x_wconf 83' lang='lat' dir='ltr'>consuetudinem</span> <span class='ocrx_word' id='word_1_184' title='bbox 822 2405 883 2436; x_wconf 87' lang='lat' dir='ltr'>ex</span> <span class='ocrx_word' id='word_1_185' title='bbox 914 2389 1274 2452; x_wconf 84' lang='lat' dir='ltr'>Aegyptiorum</span> <span class='ocrx_word' id='word_1_186' title='bbox 1304 2405 1391 2435; x_wconf 88' lang='lat' dir='ltr'>usu</span> <span class='ocrx_word' id='word_1_187' title='bbox 1424 2388 1685 2436; x_wconf 88' lang='lat' dir='ltr'>deductam</span> <span class='ocrx_word' id='word_1_188' title='bbox 1718 2405 1843 2436; x_wconf 85' lang='lat' dir='ltr'>esse.</span> 
     </span>
    </p>
   </div>
   <div class='ocr_carea' id='block_1_3' title="bbox 388 2496 671 2502">
    <p class='ocr_par' dir='ltr' id='par_1_4' title="bbox 388 2496 671 2502">
     <span class='ocr_line' id='line_1_26' title="bbox 388 2496 671 2502; baseline 0 0"><span class='ocrx_word' id='word_1_189' title='bbox 388 2496 671 2502; x_wconf 95' lang='lat' dir='ltr'> </span> 
     </span>
    </p>
   </div>
   <div class='ocr_carea' id='block_1_4' title="bbox 389 2535 1953 3043">
    <p class='ocr_par' dir='ltr' id='par_1_5' title="bbox 389 2535 1953 2848">
     <span class='ocr_line' id='line_1_27' title="bbox 457 2535 1953 2587; baseline 0 -12"><span class='ocrx_word' id='word_1_190' title='bbox 457 2536 487 2584; x_wconf 86' lang='grc'>1)</span> <span class='ocrx_word' id='word_1_191' title='bbox 531 2536 687 2575; x_wconf 88' lang='lat' dir='ltr'>Gratias</span> <span class='ocrx_word' id='word_1_192' title='bbox 728 2549 804 2587; x_wconf 87' lang='lat' dir='ltr'>ago</span> <span class='ocrx_word' id='word_1_193' title='bbox 845 2536 929 2584; x_wconf 86' lang='lat' dir='ltr'>tibi,</span> <span class='ocrx_word' id='word_1_194' title='bbox 970 2535 1183 2575; x_wconf 78' lang='lat' dir='ltr'>clarissime</span> <span class='ocrx_word' id='word_1_195' title='bbox 1229 2536 1456 2585; x_wconf 77' lang='lat' dir='ltr'>Wensinck,</span> <span class='ocrx_word' id='word_1_196' title='bbox 1499 2549 1572 2587; x_wconf 84' lang='lat' dir='ltr'>pro</span> <span class='ocrx_word' id='word_1_197' title='bbox 1606 2536 1775 2585; x_wconf 81' lang='lat' dir='ltr'>epistula</span> <span class='ocrx_word' id='word_1_198' title='bbox 1801 2536 1842 2575; x_wconf 90' lang='lat' dir='ltr'>in</span> <span class='ocrx_word' id='word_1_199' title='bbox 1871 2549 1953 2587; x_wconf 88' lang='lat' dir='ltr'>qua</span> 
     </span>
     <span class='ocr_line' id='line_1_28' title="bbox 390 2600 1953 2652; baseline -0.001 -13"><span class='ocrx_word' id='word_1_200' title='bbox 390 2601 488 2639; x_wconf 89' lang='lat' dir='ltr'>haec</span> <span class='ocrx_word' id='word_1_201' title='bbox 514 2615 595 2640; x_wconf 62' lang='lat' dir='ltr'>irre</span> <span class='ocrx_word' id='word_1_202' title='bbox 616 2602 823 2651; x_wconf 77' lang='lat' dir='ltr'>leguntur:</span> <span class='ocrx_word' id='word_1_203' title='bbox 854 2602 916 2639; x_wconf 91' lang='lat' dir='ltr'>De</span> <span class='ocrx_word' id='word_1_204' title='bbox 939 2602 1085 2651; x_wconf 89' lang='lat' dir='ltr'>spreuk</span> <span class='ocrx_word' id='word_1_205' title='bbox 1106 2600 1139 2640; x_wconf 91' lang='lat' dir='ltr'>is</span> <span class='ocrx_word' id='word_1_206' title='bbox 1162 2614 1249 2639; x_wconf 87' lang='lat' dir='ltr'>zeer</span> <span class='ocrx_word' id='word_1_207' title='bbox 1271 2602 1477 2650; x_wconf 75' lang='lat' dir='ltr'>algemeen</span> <span class='ocrx_word' id='word_1_208' title='bbox 1504 2614 1552 2639; x_wconf 89' lang='lat' dir='ltr'>en</span> <span class='ocrx_word' id='word_1_209' title='bbox 1579 2603 1685 2651; x_wconf 84' lang='lat' dir='ltr'>geeft</span> <span class='ocrx_word' id='word_1_210' title='bbox 1709 2614 1811 2652; x_wconf 80' lang='lat' dir='ltr'>geen</span> <span class='ocrx_word' id='word_1_211' title='bbox 1834 2602 1953 2640; x_wconf 88' lang='lat' dir='ltr'>enkel</span> 
     </span>
     <span class='ocr_line' id='line_1_29' title="bbox 389 2666 1951 2717; baseline 0.001 -13"><span class='ocrx_word' id='word_1_212' title='bbox 389 2666 692 2716; x_wconf 85' lang='lat' dir='ltr'>chronologiseh</span> <span class='ocrx_word' id='word_1_213' title='bbox 727 2666 1246 2717; x_wconf 79' lang='lat' dir='ltr'>aanknoopingspunt....</span> <span class='ocrx_word' id='word_1_214' title='bbox 1282 2666 1490 2716; x_wconf 85' lang='lat' dir='ltr'>overigens</span> <span class='ocrx_word' id='word_1_215' title='bbox 1527 2668 1636 2717; x_wconf 89' lang='lat' dir='ltr'>loopt</span> <span class='ocrx_word' id='word_1_216' title='bbox 1673 2668 1770 2705; x_wconf 90' lang='lat' dir='ltr'>deze</span> <span class='ocrx_word' id='word_1_217' title='bbox 1805 2667 1951 2717; x_wconf 87' lang='lat' dir='ltr'>spreuk</span> 
     </span>
     <span class='ocr_line' id='line_1_30' title="bbox 389 2729 1951 2782; baseline 0.001 -13"><span class='ocrx_word' id='word_1_218' title='bbox 389 2731 549 2781; x_wconf 88' lang='lat' dir='ltr'>parallel</span> <span class='ocrx_word' id='word_1_219' title='bbox 562 2740 644 2770; x_wconf 88' lang='lat' dir='ltr'>met</span> <span class='ocrx_word' id='word_1_220' title='bbox 665 2729 815 2782; x_wconf 74' lang='lat' dir='ltr'>15.30b‚</span> <span class='ocrx_word' id='word_1_221' title='bbox 837 2744 1017 2770; x_wconf 87' lang='lat' dir='ltr'>waarvan</span> <span class='ocrx_word' id='word_1_222' title='bbox 1035 2731 1221 2770; x_wconf 87' lang='lat' dir='ltr'>evenmin</span> <span class='ocrx_word' id='word_1_223' title='bbox 1238 2732 1287 2769; x_wconf 89' lang='lat' dir='ltr'>de</span> <span class='ocrx_word' id='word_1_224' title='bbox 1303 2732 1523 2770; x_wconf 85' lang='lat' dir='ltr'>ouderdom</span> <span class='ocrx_word' id='word_1_225' title='bbox 1548 2745 1600 2782; x_wconf 80' lang='lat' dir='ltr'>op</span> <span class='ocrx_word' id='word_1_226' title='bbox 1623 2739 1663 2771; x_wconf 91' lang='lat' dir='ltr'>te</span> <span class='ocrx_word' id='word_1_227' title='bbox 1688 2745 1816 2782; x_wconf 88' lang='lat' dir='ltr'>geven</span> <span class='ocrx_word' id='word_1_228' title='bbox 1839 2731 1872 2771; x_wconf 88' lang='lat' dir='ltr'>is</span> <span class='ocrx_word' id='word_1_229' title='bbox 1887 2760 1898 2771; x_wconf 89' lang='lat'><strong>.</strong></span> <span class='ocrx_word' id='word_1_230' title='bbox 1913 2760 1924 2771; x_wconf 89' lang='lat'><strong>.</strong></span> <span class='ocrx_word' id='word_1_231' title='bbox 1940 2761 1951 2771; x_wconf 88' lang='lat'><strong>.</strong></span> 
     </span>
     <span class='ocr_line' id='line_1_31' title="bbox 392 2796 1813 2848; baseline 0.001 -14"><span class='ocrx_word' id='word_1_232' title='bbox 392 2796 453 2834; x_wconf 90' lang='lat' dir='ltr'>De</span> <span class='ocrx_word' id='word_1_233' title='bbox 483 2796 681 2846; x_wconf 87' lang='lat' dir='ltr'>gedachte</span> <span class='ocrx_word' id='word_1_234' title='bbox 707 2796 740 2834; x_wconf 89' lang='lat' dir='ltr'>is</span> <span class='ocrx_word' id='word_1_235' title='bbox 769 2809 868 2834; x_wconf 91' lang='lat' dir='ltr'>even</span> <span class='ocrx_word' id='word_1_236' title='bbox 898 2797 1105 2847; x_wconf 83' lang='lat' dir='ltr'>algemeen</span> <span class='ocrx_word' id='word_1_237' title='bbox 1135 2797 1352 2835; x_wconf 85' lang='lat' dir='ltr'>Oostersch</span> <span class='ocrx_word' id='word_1_238' title='bbox 1379 2798 1436 2835; x_wconf 88' lang='lat' dir='ltr'>als</span> <span class='ocrx_word' id='word_1_239' title='bbox 1464 2798 1515 2836; x_wconf 93' lang='lat' dir='ltr'>de</span> <span class='ocrx_word' id='word_1_240' title='bbox 1544 2797 1813 2848; x_wconf 79' lang='lat' dir='ltr'>uitdrukking.</span> 
     </span>
    </p>

    <p class='ocr_par' dir='ltr' id='par_1_6' title="bbox 391 2860 1952 3043">
     <span class='ocr_line' id='line_1_32' title="bbox 458 2860 1952 2914; baseline 0.001 -15"><span class='ocrx_word' id='word_1_241' title='bbox 458 2860 490 2913; x_wconf 72' lang='lat'>2)</span> <span class='ocrx_word' id='word_1_242' title='bbox 520 2860 639 2910; x_wconf 89' lang='lat' dir='ltr'>Diels,</span> <span class='ocrx_word' id='word_1_243' title='bbox 666 2860 878 2901; x_wconf 88' lang='lat' dir='ltr'>Philotesia</span> <span class='ocrx_word' id='word_1_244' title='bbox 904 2875 944 2912; x_wconf 89' lang='lat' dir='ltr'>p.</span> <span class='ocrx_word' id='word_1_245' title='bbox 972 2862 1062 2912; x_wconf 76' lang='lat'>43⁶5</span> <span class='ocrx_word' id='word_1_246' title='bbox 1090 2869 1270 2901; x_wconf 87' lang='lat' dir='ltr'>ceterum</span> <span class='ocrx_word' id='word_1_247' title='bbox 1298 2863 1349 2901; x_wconf 87' lang='lat' dir='ltr'>cf.</span> <span class='ocrx_word' id='word_1_248' title='bbox 1378 2875 1482 2912; x_wconf 87' lang='lat' dir='ltr'>quae</span> <span class='ocrx_word' id='word_1_249' title='bbox 1518 2865 1567 2902; x_wconf 90' lang='lat' dir='ltr'>A.</span> <span class='ocrx_word' id='word_1_250' title='bbox 1589 2863 1782 2913; x_wconf 87' lang='lat' dir='ltr'>Jeremias</span> <span class='ocrx_word' id='word_1_251' title='bbox 1818 2861 1952 2914; x_wconf 77' lang='lat' dir='ltr'>(Holle</span> 
     </span>
     <span class='ocr_line' id='line_1_33' title="bbox 391 2925 1952 2978; baseline 0 -13"><span class='ocrx_word' id='word_1_252' title='bbox 391 2925 479 2965; x_wconf 88' lang='lat' dir='ltr'>und</span> <span class='ocrx_word' id='word_1_253' title='bbox 492 2926 676 2966; x_wconf 81' lang='lat' dir='ltr'>Paradies</span> <span class='ocrx_word' id='word_1_254' title='bbox 690 2926 754 2965; x_wconf 91' lang='lat' dir='ltr'>bei</span> <span class='ocrx_word' id='word_1_255' title='bbox 771 2927 850 2966; x_wconf 86' lang='lat' dir='ltr'>den</span> <span class='ocrx_word' id='word_1_256' title='bbox 873 2926 1139 2977; x_wconf 88' lang='lat' dir='ltr'>Babyloniern</span> <span class='ocrx_word' id='word_1_257' title='bbox 1165 2941 1206 2978; x_wconf 90' lang='lat' dir='ltr'>p.</span> <span class='ocrx_word' id='word_1_258' title='bbox 1231 2941 1292 2976; x_wconf 88' lang='lat'>21,</span> <span class='ocrx_word' id='word_1_259' title='bbox 1316 2941 1379 2977; x_wconf 86' lang='lat'>32,</span> <span class='ocrx_word' id='word_1_260' title='bbox 1404 2929 1472 2976; x_wconf 89' lang='lat'>41)</span> <span class='ocrx_word' id='word_1_261' title='bbox 1497 2927 1714 2978; x_wconf 86' lang='lat' dir='ltr'>disputavit</span> <span class='ocrx_word' id='word_1_262' title='bbox 1737 2927 1788 2965; x_wconf 91' lang='lat' dir='ltr'>de</span> <span class='ocrx_word' id='word_1_263' title='bbox 1810 2926 1952 2965; x_wconf 83' lang='lat' dir='ltr'>sabulis</span> 
     </span>
     <span class='ocr_line' id='line_1_34' title="bbox 391 2991 1951 3043; baseline 0.001 -14"><span class='ocrx_word' id='word_1_264' title='bbox 391 3003 491 3041; x_wconf 89' lang='lat' dir='ltr'>quas</span> <span class='ocrx_word' id='word_1_265' title='bbox 530 2991 737 3042; x_wconf 87' lang='lat' dir='ltr'>Babylonii</span> <span class='ocrx_word' id='word_1_266' title='bbox 772 2992 823 3030; x_wconf 90' lang='lat' dir='ltr'>de</span> <span class='ocrx_word' id='word_1_267' title='bbox 857 2992 1059 3031; x_wconf 88' lang='lat' dir='ltr'>vitalitatis</span> <span class='ocrx_word' id='word_1_268' title='bbox 1094 3005 1200 3043; x_wconf 88' lang='lat' dir='ltr'>aqua</span> <span class='ocrx_word' id='word_1_269' title='bbox 1236 2993 1409 3036; x_wconf 86' lang='lat' dir='ltr'>(Wasser</span> <span class='ocrx_word' id='word_1_270' title='bbox 1437 2993 1507 3031; x_wconf 90' lang='lat' dir='ltr'>des</span> <span class='ocrx_word' id='word_1_271' title='bbox 1534 2993 1708 3042; x_wconf 74' lang='lat' dir='ltr'>Lebens)</span> <span class='ocrx_word' id='word_1_272' title='bbox 1736 2993 1951 3031; x_wconf 87' lang='lat' dir='ltr'>finxerunt.</span> 
     </span>
    </p>
   </div>
   <div class='ocr_carea' id='block_1_5' title="bbox 2128 0 2176 3450">
    <p class='ocr_par' dir='ltr' id='par_1_7' title="bbox 2128 0 2176 3450">
     <span class='ocr_line' id='line_1_35' title="bbox 2128 0 2176 3450; baseline 0 0"><span class='ocrx_word' id='word_1_273' title='bbox 2128 0 2176 3450; x_wconf 95' lang='lat' dir='ltr'> </span> 
     </span>
    </p>
   </div>
  </div>
 </body>
</html>
