2176 3450
1123 379 1212 424 116

382 516 510 574 vino,
581 515 864 579 strepitibus
939 512 1331 575 clamoribusque
1399 509 1665 559 attonitos”
1735 520 1786 560 et
1852 527 1944 560 nos

382 599 706 664 intellegimus
756 598 1041 646 sacerdotes
1090 595 1312 643 victimas
1364 610 1478 642 suas
1533 593 1802 642 attonuisse
1862 594 1944 652 ita,

381 693 434 730 ut
483 682 742 730 crederent
791 697 847 728 se
899 677 1216 742 ἐμβροντήτους
1253 693 1379 726 esse.
1439 676 1582 725 Nunc
1634 677 1944 741 perspicuum

382 775 460 813 est
498 765 614 829 quid
659 763 886 812 carminis
932 761 1122 826 mystici
1165 777 1340 809 versus
1383 775 1416 820 4
1460 759 1550 808 sibi
1595 760 1734 808 velit:
1783 770 1946 825 mysta

380 846 648 911 profitetur
681 862 736 894 se
763 845 898 909 Jovis
929 842 1116 907 βροντάς
1150 860 1441 908 perpessum
1481 853 1736 908 tamquam
1762 842 1944 906 ε’μβρόν·

379 949 504 992 τητον
533 929 704 977 mortis
736 928 883 976 limen
918 927 1151 976 calcasse.
1189 927 1263 975 Re
1297 943 1417 975 vera
1451 935 1617 975 autem
1657 929 1944 975 sacerdotes

383 1028 495 1060 eum
528 1011 773 1075 tympanis
808 1010 1143 1075 cymbalisque
1177 1018 1506 1058 attonuerunt.

446 1094 702 1142 Postremo
736 1094 1031 1142 adnotamus
1066 1092 1269 1141 Bacchis
1303 1091 1573 1141 secundum
1606 1091 1802 1140 Livium
1843 1107 1944 1140 non

382 1177 562 1225 caedes
617 1176 775 1225 solum
834 1178 925 1225 sed
967 1186 1140 1240 stupra
1185 1177 1335 1224 etiam
1382 1175 1642 1224 subeunda
1686 1183 1738 1223 et
1779 1174 1945 1223 omnia

380 1259 575 1307 infanda
598 1276 697 1308 non
721 1260 955 1323 patienda
983 1259 1144 1308 solum
1173 1259 1264 1307 sed
1292 1258 1517 1307 facienda
1547 1258 1696 1307 etiam
1725 1257 1887 1308 fuisse.
1910 1257 1945 1320 ¹)

381 1342 484 1390 Sed
529 1359 774 1406 quaenam
820 1352 988 1407 stupra
1033 1342 1196 1390 Livius
1242 1341 1391 1390 dixit?
1437 1341 1675 1407 Legimus
1695 1342 1731 1405 ⁸)
1779 1340 1944 1400 „mixti

381 1424 571 1473 feminis
604 1442 782 1484 mares,
818 1425 993 1474 aetatis
1028 1436 1234 1474 tenerae
1267 1424 1577 1473 maioribus''.
1614 1423 1868 1488 Paulisper
1895 1426 1945 1472 in

381 1524 437 1556 re
471 1509 815 1557 obscurissima
848 1509 1219 1557 subsistendum
1253 1518 1343 1557 est.
1391 1507 1524 1569 Quid
1559 1507 1690 1556 enim
1724 1507 1819 1558 hoc
1852 1506 1944 1555 sibi

380 1590 497 1639 velit
530 1602 758 1656 rogatum
792 1591 932 1641 volo:
975 1592 1183 1641 infantes
1217 1591 1494 1640 hominibus
1527 1590 1794 1639 maioribus
1826 1600 1944 1639 natu

382 1673 560 1722 mixtos
595 1675 735 1723 esse?
770 1675 871 1723 Aut
906 1675 1190 1724 foedissima
1225 1674 1447 1724 facinora
1480 1675 1527 1722 in
1562 1673 1944 1722 Bacchanalibus

380 1760 667 1821 perpetrata
702 1768 830 1816 sunt,
859 1769 943 1806 aut
970 1759 1231 1807 initiandus
1268 1796 1278 1805 .
1299 1796 1309 1805 .
1326 1757 1438 1806 ,ὑπὸ
1471 1755 1632 1805 κόλπον
1664 1757 1739 1804 ἔδυ
1762 1760 1947 1815 χθονίας

378 1844 619 1899 βασιλείας.
667 1841 783 1889 Veri
829 1841 1027 1890 similius
1067 1852 1233 1890 autem
1274 1851 1363 1900 est,
1406 1840 1527 1889 sicut
1564 1839 1680 1888 illud
1718 1838 1944 1888 caedium

381 1923 579 1982 crimen,
609 1924 675 1972 ita
704 1925 852 1973 etiam
881 1934 1162 1989 stuprorum
1192 1925 1375 1973 crimen
1405 1924 1578 1972 fictum
1606 1939 1719 1972 esse
1741 1939 1772 1971 a
1794 1922 1944 1986 scrip-

379 2006 568 2055 toribus
603 2008 967 2071 antiquissimae
1002 2008 1278 2056 Bakcheiae
1307 2007 1542 2072 profanis.
1577 2007 1659 2055 An
1686 2014 1944 2070 praestare

379 2089 572 2137 videtur
612 2089 801 2138 Livium
844 2108 942 2140 non
987 2091 1109 2139 falsi·
1129 2108 1340 2156 arguere
1375 2100 1427 2139 et
1460 2107 1656 2139 sumere
1689 2089 1847 2137 mavis
1881 2104 1944 2137 ex

379 2172 739 2221 solemnissimo
764 2174 857 2222 ritu
880 2179 957 2222 τοῦ
978 2174 1067 2222 ὑπὸ
1091 2174 1252 2222 κόλπον
1277 2179 1414 2231 δῦναι,
1442 2183 1601 2222 ortum
1631 2189 1744 2221 esse
1770 2171 1944 2236 turpis·

377 2255 552 2303 simum
595 2255 862 2305 facinorum
903 2259 1090 2322 genus?
1111 2259 1145 2318 ⁸)
1193 2257 1329 2306 Sane
1369 2257 1435 2305 ita
1474 2256 1582 2305 fieri
1621 2255 1801 2320 potuit!
1847 2254 1944 2303 Sed

447 2422 477 2476 1)
504 2423 640 2464 Livius
667 2425 736 2465 1.1.
764 2438 797 2465 c.
829 2426 854 2464 8
883 2433 923 2465 et
949 2439 986 2466 c.
1018 2438 1078 2464 10.

445 2500 476 2549 ⁹)
504 2501 639 2541 Livius
667 2503 737 2542 1.1.
766 2516 803 2543 c.
831 2504 856 2540 8
885 2508 905 2551 ξ
933 2505 970 2543 6.

446 2579 479 2628 ⁸)
507 2580 570 2620 Cf.
612 2582 872 2632 Lenormant,
914 2583 952 2621 la
987 2582 1154 2621 Grande
1189 2582 1320 2622 Grece
1346 2583 1365 2620 I
1392 2594 1433 2632 p.
1462 2592 1565 2628 420¹
1594 2579 1696 2627 „Les
1723 2575 1945 2616 initiations

377 2643 608 2695 originaires
636 2647 687 2685 de
714 2648 752 2686 la
779 2648 946 2687 Grande
973 2647 1105 2687 Grece
1132 2647 1285 2698 prirent
1312 2647 1410 2685 chez
1435 2646 1491 2685 les
1519 2642 1715 2683 Romains
1743 2653 1798 2681 un
1817 2641 1945 2681 deve-

375 2709 611 2761 loppement
638 2712 778 2763 rapide
806 2720 846 2752 et
871 2725 898 2764 y
926 2713 1133 2764 perdirent
1159 2713 1244 2752 leur
1264 2711 1418 2763 gravite
1435 2708 1648 2762 primitive,
1662 2720 1766 2759 pour
1779 2704 1946 2746 devenir

377 2787 433 2814 un
474 2778 660 2826 pretexte
700 2779 726 2816 ἐι
765 2778 993 2818 debauches
1036 2786 1076 2818 et
1116 2791 1197 2817 une
1238 2778 1347 2817 &cole
1379 2777 1431 2816 de
1458 2775 1654 2826 flagrante
1678 2769 1942 2812 immorante’

377 2841 443 2891 (cf.
479 2842 506 2881 l.
533 2842 558 2882 l.
595 2856 636 2893 p.
672 2856 751 2891 404
787 2851 827 2883 et
859 2857 901 2894 p.
929 2843 1038 2896 423).
1065 2844 1129 2882 De
1157 2842 1371 2883 sceleribus
1398 2854 1505 2893 quae
1532 2838 1699 2879 Bacchis
1728 2835 1944 2888 exprobra-

374 2914 520 2947 verunt
555 2907 647 2947 vide
683 2908 894 2948 Reinachii
921 2909 1237 2960 disputationem
1265 2909 1386 2957 „Une
1410 2905 1560 2946 ordalie
1585 2917 1659 2956 par
1684 2903 1722 2942 le
1748 2901 1891 2954 poison
1917 2901 1944 2940 ὲ

373 2971 505 3011 Rome
542 2980 582 3012 et
617 2973 780 3014 l’affaire
815 2975 887 3015 des
922 2974 1232 3023 Bacchanales”,
1267 2974 1410 3012 Revue
1439 2970 1625 3011 Archeol.
1652 2969 1712 3008 XI
1737 2967 1790 3020 (a.
1823 2965 1942 3018 1908)

374 3050 415 3088 p-
445 3039 669 3090 236—253.
696 3040 824 3080 Recte
852 3040 1034 3080 Reinach
1061 3041 1126 3080 1.1.
1149 3053 1188 3090 p.
1214 3050 1310 3090 252:
1340 3038 1468 3088 „Sans
1491 3035 1665 3088 prendre
1685 3034 1723 3073 la
1743 3031 1864 3084 peine
1889 3027 1943 3070 de
