2176 3450
1010 367 1099 428 167

962 567 1134 618 XVIII.

334 723 512 772 Minue.
548 722 651 795 Eel.
688 723 865 772 Octav.
902 740 945 774 c.
980 723 1117 773 XXII
1150 724 1181 788 ἓ
1215 726 1270 772 6:

269 805 500 868 „Quanta
533 823 655 855 vero
689 805 754 855 de
788 806 879 855 diis
913 807 1088 856 vestris
1121 805 1348 856 animalia
1382 816 1517 856 muta
1551 805 1837 855 naturaliter

268 889 540 938 iudicant!”

332 989 425 1037 pro
462 972 661 1032 Quanta
694 990 806 1022 vero
838 972 936 1039 leg.
977 973 1138 1034 Quam
1169 979 1328 1022 autem
1360 990 1481 1023 vere.

980 1239 1112 1289 XIX.

334 1394 557 1460 Propert.
594 1395 654 1443 111
691 1410 745 1443 21
786 1412 832 1443 v.
875 1411 956 1456 14:

452 1479 582 1536 „iam
614 1478 851 1544 liquidum
886 1478 1046 1527 nautis
1082 1495 1202 1528 aura
1238 1479 1480 1528 secundat
1514 1479 1638 1529 iter'’
1688 1539 1691 1542 Α

333 1578 427 1627 pro
460 1562 627 1611 nautis·
660 1561 758 1628 leg.
794 1562 941 1611 nobis.

986 1828 1100 1880 XX.

335 1985 511 2036 Senec.
548 1987 628 2036 De
662 1986 752 2046 Ira,
787 1986 823 2045 Ι,
858 2001 944 2045 vn,
978 2002 1030 2049 3:

271 2069 570 2130 „Commota
604 2070 736 2119 enim
770 2069 927 2119 semel
962 2081 1013 2119 et
1047 2087 1254 2120 excussa
1288 2088 1427 2120 mens
1461 2071 1506 2120 ei
1547 2073 1698 2122 servit
1737 2089 1838 2138 quo

271 2153 563 2219 impellitur”
599 2154 664 2218 (ei
699 2154 864 2218 servit]
903 2154 949 2202 A
983 2183 1049 2192 ·—
1083 2154 1156 2204 eis
1189 2157 1330 2218 eruit]
1368 2154 1410 2204 L
1442 2184 1510 2193 —
1542 2155 1836 2206 Windhaus:

272 2254 336 2287 eo
370 2238 480 2298 ruit)

336 2321 435 2387 leg.
472 2321 569 2380 „ak
601 2322 753 2371 servit
782 2322 978 2387 ruitque
1012 2339 1104 2387 quo
1138 2322 1458 2387 tmpellz'turff’

987 2606 1120 2657 XXI.

339 2765 515 2815 Literis
552 2771 763 2814 ΛΘΜΟΙ
797 2780 922 2829 quas
966 2763 1181 2814 trutinae
1226 2764 1498 2829 adscriptas
1532 2763 1758 2813 videmus
1792 2763 1839 2813 in

273 2848 430 2907 lance,
464 2848 511 2898 in
545 2864 645 2914 qua
677 2846 902 2912 silphium
937 2863 1106 2896 coram
1141 2846 1404 2896 Arkesilao
1437 2847 1676 2912 penditur,
1701 2863 1839 2911 prae·

273 2941 522 2997 ponantur
537 2931 711 2981 literae
728 2937 820 2989 ΣΤ,
843 2929 1017 2980 literae
1036 2940 1083 2979 A
1109 2930 1283 2979 ductus
1300 2931 1528 2979 derectus
1545 2929 1839 2989 restituatur,

272 3014 466 3082 legatur
497 3019 801 3064 ΣΤΑΘΜΟῙ.
