2170 3522
980 439 1032 486 15

225 564 502 614 Besonders
534 563 832 611 interessant
866 561 927 609 ist
959 561 1040 608 die
1058 559 1407 624 Feststellung‚
1438 561 1555 607 dass
1572 559 1787 607 beinahe

225 646 456 696 derselbe
514 645 730 694 Wunseh
781 644 964 693 bereits
1010 643 1100 692 auf
1132 644 1229 691 >der
1274 642 1614 691 aramaischen
1650 641 1788 690 Stele

225 747 323 780 von
369 729 674 794 Carpentras
718 727 963 776 erscheint
1009 727 1084 790 (C.
1123 726 1156 773 1.
1193 726 1326 774 Sem.
1364 725 1402 772 11
1443 727 1551 788 141)
1586 725 1667 774 die
1702 742 1790 773 aus

225 814 341 862 dem
378 827 455 875 5-4
493 811 821 875 jahrhundert
866 829 910 859 v.
958 810 1073 859 Chr.
1120 810 1322 858 datiert:
1370 807 1630 873 Gesegnet
1673 809 1793 856 seist

230 897 325 954 Du,
377 897 524 944 nimm
589 894 794 943 Wasser
856 893 1158 959 Angesichts
1219 893 1310 941 des
1371 891 1578 941 Osiris.”
1642 891 1793 940 Cuius

227 980 504 1045 argumenti
539 983 812 1034 πειθανάνκη
830 994 910 1026 me
935 977 1069 1042 fugit.
1096 976 1199 1024 Sed
1223 975 1458 1025 faciamus
1476 974 1792 1023 Cumontium

227 1080 399 1112 verum
445 1062 639 1111 vidisse.
686 1061 809 1125 Quis
855 1061 949 1108 iam
996 1059 1285 1124 intellegere
1332 1069 1499 1123 potest
1544 1074 1690 1123 quam
1726 1059 1793 1106 ob

227 1162 427 1195 causam
473 1145 682 1194 Osiridis
727 1161 909 1193 nomen
953 1143 1144 1191 silentio
1192 1142 1592 1207 praetermissum
1634 1141 1696 1189 sit
1728 1141 1794 1190 ab

227 1230 282 1277 iis
316 1230 397 1294 qui
431 1230 570 1277 huius
603 1229 682 1277 dei
717 1229 900 1276 donum
928 1227 1290 1291 optatissimum
1315 1225 1406 1274 sibi
1436 1224 1794 1291 efflagitarent?

296 1313 362 1360 At
406 1312 552 1360 Italici
598 1328 695 1359 non
742 1311 806 1358 ab
854 1310 1069 1367 Osiride,
1114 1309 1205 1358 sed
1250 1312 1541 1365 Μνημοσύνης
1587 1325 1616 1356 e
1657 1308 1794 1356 fonte

228 1395 454 1461 frigidam
501 1411 678 1458 aquam
724 1394 1015 1458 petiverunt.
1063 1392 1215 1440 Cuius
1262 1393 1620 1456 Mnemosynae
1666 1408 1795 1456 aqua

229 1478 345 1543 quid
372 1478 463 1526 sibi
491 1477 713 1533 voluerit,
743 1476 950 1524 Graecis
979 1476 1130 1540 quinti
1160 1476 1255 1524 iam
1285 1475 1466 1524 saeculi
1495 1492 1539 1524 a.
1571 1474 1663 1523 Ch.
1698 1491 1795 1523 non

230 1562 453 1627 ignotum
506 1560 653 1608 fuisse
704 1560 873 1607 credo.
922 1558 970 1606 In
1018 1570 1235 1606 mentem
1283 1570 1472 1606 tantum
1521 1558 1795 1622 Trophonii

230 1645 386 1693 cultus
421 1644 731 1692 revocandus
760 1653 836 1690 est
864 1659 1012 1706 quem
1042 1642 1309 1690 Pausanias
1339 1641 1394 1689 L.
1425 1641 1493 1690 IX
1523 1659 1562 1689 c.
1596 1657 1657 1703 39
1689 1641 1796 1690 fuse

230 1728 503 1792 descripsit.
557 1727 721 1789 Quem
766 1725 944 1774 cultum
995 1737 1047 1773 ut
1097 1726 1357 1774 credamus
1409 1725 1795 1790 antiquissimum

232 1811 396 1867 fuisse,
433 1811 719 1859 Herodotus
754 1809 826 1872 (L.
868 1810 880 1855 1
917 1826 957 1857 c.
994 1811 1073 1869 46,
1111 1808 1217 1856 VIII
1253 1826 1293 1857 c.
1333 1812 1414 1873 34)
1450 1809 1593 1857 nobis
1624 1819 1797 1857 auctor

231 1905 321 1943 est.
364 1894 516 1943 Cuius
562 1903 727 1941 aetate
774 1909 871 1940 non
918 1909 1093 1940 omnes
1136 1893 1254 1940 ritus
1294 1909 1499 1957 prorsus
1541 1891 1702 1940 eidem
1738 1908 1797 1940 ac

232 1978 503 2027 Pausaniae
533 1989 758 2040 tempore
791 1975 1001 2024 fortasse
1032 1975 1236 2032 fuerunt,
1256 1977 1347 2024 sed
1365 1975 1495 2023 nulla
1513 1986 1589 2023 est
1606 1977 1798 2038 causal)

232 2078 319 2110 cur
347 2072 565 2109 sumatur
592 2061 882 2115 Μνημοσύνης
905 2057 1015 2114 ὕδωρ
1043 2069 1158 2107 tunc
1187 2059 1439 2122 temporis,
1467 2059 1495 2106 i.
1523 2075 1567 2106 e.
1598 2058 1798 2107 saeculo

232 2145 403 2209 quinto
421 2143 700 2192 hominibus
718 2142 1010 2206 Trophonio
1029 2142 1275 2191 initiandis
1295 2142 1510 2191 nondum
1530 2142 1797 2190 bibendum

235 2227 399 2275 fuisse.

300 2310 492 2359 Deinde
519 2310 611 2358 hoc
637 2320 876 2374 reputate,
903 2326 1032 2374 aqua
1058 2309 1235 2374 frigida
1261 2310 1375 2358 nihil
1400 2309 1566 2358 animo
1595 2309 1799 2374 fatigato

234 2393 487 2442 iucundius
521 2410 634 2441 esse
670 2404 721 2442 et
755 2410 955 2457 semper
991 2393 1154 2441 fuisse.
1200 2393 1312 2455 Qua
1347 2394 1395 2441 in
1438 2410 1491 2441 re
1532 2392 1684 2440 homo
1725 2392 1799 2440 sui

233 2493 432 2541 semper
485 2476 649 2525 similis
692 2476 793 2533 fuit,
838 2477 942 2524 sive
984 2476 1194 2525 Osiridis
1237 2476 1408 2533 cultor,
1451 2477 1554 2524 sive
1589 2476 1800 2524 Iudaeus

235 2560 324 2608 iste
342 2561 424 2624 qui
444 2560 490 2608 in
508 2562 766 2615 Παροιμίαις
789 2560 883 2608 hoc
908 2560 1220 2608 scribendum
1245 2560 1432 2608 curavit
1456 2562 1589 2623 (Παρ.
1617 2575 1640 2606 2
1650 2573 1723 2620 5‚2
1732 2558 1798 2622 5)Ι;

458 2644 609 2707 ὥσπερ
635 2645 753 2705 ὕδωρ
783 2643 951 2707 ψυχρόν
979 2648 1099 2706 ψυχῇ
1123 2643 1300 2707 διψώσῃ
1327 2642 1543 2706 πρόσηνες

461 2717 598 2772 οὕτως
621 2718 800 2777 α’γγελία
826 2717 974 2779 elya-97}
1001 2717 1050 2765 ἐκ
1073 2722 1153 2780 γῆς
1175 2715 1404 2779 μακρόθεν

307 2821 335 2874 ¹)
363 2822 425 2861 De
446 2822 680 2874 Trophonio
704 2821 986 2870 Dicaearchus,
1010 2821 1233 2861 Aristotelis
1257 2821 1503 2873 discupulus,
1522 2821 1666 2860 librum
1681 2820 1802 2872 scrip-

237 2886 286 2926 sit
313 2886 380 2926 cui
408 2886 546 2927 titulus
575 2888 776 2938 Κατάβασις
803 2889 849 2929 εἰς
877 2889 1068 2939 Τροφωνίου
1098 2888 1163 2929 (cf.
1181 2887 1284 2926 Vilh.
1302 2887 1516 2936 Kiaulehn‚
1541 2888 1591 2926 de
1617 2886 1802 2926 scaenico

237 2952 483 3004 dialogorum
513 2961 722 3004 apparatu,
749 2952 883 3004 capita
911 2953 998 3001 tria,
1031 2953 1144 2991 Halis
1172 2952 1391 3001 Saxonum,
1419 2965 1455 2991 a.
1490 2965 1588 3003 1914
1619 2966 1645 3004 p
1692 2958 1780 3000 170)
1790 2965 1801 3001 3

238 3018 289 3057 de
325 3019 450 3057 Lethe
485 3026 525 3057 et
553 3019 820 3069 Mnemosyne
849 3017 1093 3069 sciipserunt
1126 3017 1330 3067 Harrison,
1362 3018 1461 3057 Prol.
1490 3032 1529 3069 p.
1560 3019 1732 3069 575-584
1763 3025 1802 3057 et

241 3082 454 3131 Dieterich,
483 3083 638 3134 Nekyia
666 3097 707 3134 p.
735 3096 869 3134 90-94,
904 3096 991 3123 122.
