2176 3450
1143 425 1200 473 52

390 549 743 608 Dieterichum‚
788 548 1062 612 Gruppium
1085 549 1118 611 1)
1163 547 1474 605 contendam,
1520 564 1664 596 meae
1710 547 1959 612 opinionis

390 634 632 682 rationem
667 632 880 681 reddere
908 632 1095 690 debeo3
1127 647 1292 679 meam
1314 630 1459 696 igitur
1482 631 1959 696 argumentationem

390 716 573 765 videte.

456 799 695 862 Quaestio
717 798 842 846 haec
865 797 1085 862 pendere
1109 797 1302 845 videtur
1329 813 1359 845 a
1387 806 1524 846 recta
1553 797 1958 861 interpretatione

391 899 437 931 v.
464 885 495 930 6
519 881 743 930 carminis
768 882 834 929 A:

642 986 797 1034 κύκλου
824 987 864 1033 δ’
887 989 1072 1046 ἐξέπτατ’
1094 989 1406 1050 βαρυπενθέος
1430 987 1673 1050 ἀργαλέοιο.

458 1118 603 1180 Quae
640 1117 791 1165 verba
827 1115 1078 1164 Dieterich
1099 1117 1133 1179 9)
1169 1116 1422 1164 contendit
1462 1133 1558 1174 „ex
1597 1133 1660 1165 eo
1706 1117 1958 1182 dogmate,

391 1202 526 1266 quod
549 1201 613 1248 de
638 1200 932 1266 migratione
958 1199 1230 1248 animarum
1257 1200 1620 1258 constituerant,
1646 1200 1775 1249 dicta
1797 1200 1958 1249 esse”.

390 1284 572 1333 Omnia
597 1284 726 1332 enim
745 1283 975 1331 illustrari
993 1283 1221 1346 opinatur
1240 1283 1295 1331 iis
1315 1300 1441 1347 quae
1460 1283 1718 1348 Diogenes
1735 1283 1961 1333 Laertius

392 1367 518 1426 VIII,
562 1383 620 1428 14
669 1366 819 1415 tradit
874 1366 939 1414 de
994 1366 1298 1430 Pythagora:
1349 1370 1523 1430 πρῶτον
1558 1369 1605 1414 τέ
1642 1385 1776 1427 φασιν
1811 1372 1962 1415 τοῦτον

390 1445 616 1508 οἷποφῆναι
639 1443 716 1506 τήν
741 1444 886 1506 ψυχήν
922 1440 1073 1490 κύκλον
1103 1441 1289 1506 ἀνάγκης
1319 1443 1588 1502 ἀμείβουσαν
1623 1443 1778 1491 ἄλλοτε
1812 1444 1962 1499 ἄλλοις

390 1531 620 1579 ἐνδεῖσθαι
658 1529 786 1590 ζῴοις
823 1539 874 1578 et
914 1529 1079 1577 verbis
1121 1545 1252 1592 quae
1288 1527 1484 1577 Proclus
1520 1528 1584 1576 ad
1617 1528 1742 1577 Tim.
1779 1547 1827 1594 p.
1865 1545 1963 1592 330

393 1615 440 1662 A
475 1613 694 1677 scripsit:
718 1618 752 1674 ⁸)

456 1783 530 1830 „In
557 1781 638 1820 den
666 1780 981 1819 verschiedenen
1010 1779 1174 1819 Stadien
1204 1780 1275 1819 der
1302 1781 1657 1832 Metempsychose
1676 1780 1728 1820 ist
1754 1780 1821 1820 die
1848 1781 1962 1821 Seele

390 1847 523 1887 bisher
538 1847 644 1886 noch
658 1846 770 1885 nicht
784 1859 876 1884 zum
885 1846 1043 1885 letstem
1054 1846 1139 1885 und
1149 1846 1371 1896 hochstein,
1381 1846 1453 1885 der
1462 1846 1693 1897 Apotheose
1702 1845 1961 1897 angelangt.”

446 1912 555 1951 Diels
589 1919 629 1951 et
663 1910 786 1950 ceteri
813 1910 1052 1962 interpretes
1080 1923 1230 1950 errasse
1257 1910 1446 1950 videntur
1472 1919 1685 1962 propterea
1711 1911 1824 1963 quod
1849 1911 1963 1952 obliti

391 1985 487 2017 sunt
520 1977 631 2016 aliud
664 1977 934 2027 Pythagoram
969 1975 1262 2027 Orphicosque,
1306 1976 1416 2015 aliud
1457 1976 1676 2016 Baechicos
1717 1989 1818 2016 voce
1856 1989 1897 2028 q.
1925 1989 1961 2018 e.

389 2043 508 2085 κύκλος
526 2041 772 2093 significasse
791 2049 831 2081 et
850 2040 988 2080 Italiae
1006 2040 1202 2081 inferioris
1231 2041 1421 2081 thiasotas
1449 2042 1699 2092 Pythagorae
1726 2041 1962 2093 Orpheique

390 2108 560 2148 asseclas
583 2107 705 2146 fuisse
732 2114 968 2158 posuerunt.
998 2107 1061 2145 De
1089 2107 1128 2147 ἡ.
1157 2107 1181 2144 6
1209 2120 1332 2146 carm.
1360 2109 1398 2146 A
1426 2114 1466 2146 et
1492 2107 1586 2147 lam.
1605 2107 1684 2146 Th.
1703 2107 1741 2145 V
1759 2120 1798 2147 v,
1816 2120 1843 2156 4
1868 2106 1962 2147 vide

390 2172 495 2212 infra
522 2186 610 2224 cap.
640 2173 679 2210 V
707 2177 727 2220 5
757 2185 794 2212 2.

462 2239 492 2288 ¹)
522 2239 691 2289 Gruppe
717 2237 759 2276 in
787 2236 982 2276 Roscheri
1005 2236 1135 2276 lexico
1170 2250 1200 2276 s.
1239 2250 1277 2276 v.
1315 2237 1502 2288 Orpheus
1538 2251 1579 2288 p.
1627 2247 1751 2288 1125:
1794 2237 1962 2287 „Dieser

390 2303 598 2343 Kreislauf
620 2303 766 2354 (Orph.
794 2303 839 2342 fr.
871 2302 965 2352 226)
988 2303 1060 2341 der
1077 2303 1182 2342 auch
1203 2303 1276 2342 auf
1291 2303 1371 2342 den
1391 2303 1699 2342 Goldtafelchen
1720 2303 1960 2353 vorkommt,

391 2368 488 2408 wird
519 2382 600 2408 von
634 2368 798 2407 Proklos
830 2369 938 2407 ohne
973 2369 1102 2419 Frage
1137 2367 1282 2419 richtig
1318 2369 1374 2407 als
1408 2369 1526 2410 κύκλος
1560 2370 1730 2418 γενέσεως,
1769 2369 1808 2409 d.
1837 2369 1878 2409 h.
1902 2369 1961 2408 als

390 2434 511 2474 Kreis
539 2435 610 2473 des
637 2433 1326 2484 Wiedergeborenwerdenmussens
1355 2432 1540 2474 erklart.’'

461 2500 492 2551 2)
519 2498 736 2549 Dieterich,
765 2499 832 2538 Kl.
861 2499 975 2538 Schr.
999 2512 1041 2550 p.
1072 2512 1135 2549 93.

458 2564 490 2617 3)
517 2565 632 2615 Abel,
668 2565 913 2615 Fragmenta
948 2563 1138 2615 Orphica,
1177 2563 1253 2602 226
1263 2577 1275 2613 ;
1312 2563 1517 2603 Dieterich
1552 2571 1760 2615 praeterea
1791 2562 1961 2615 apponit

391 2629 520 2670 Procl.
567 2630 619 2669 ad
664 2630 764 2669 Plat.
808 2642 934 2680 remp.
981 2642 1021 2680 p.
1067 2629 1141 2668 116
1184 2628 1265 2681 (ed.
1306 2629 1478 2679 Schoell)
1519 2644 1574 2666 =
1613 2629 1728 2679 Abel,
1769 2628 1960 2680 Orphica,

391 2696 438 2735 fr.
469 2695 564 2747 222]
569 2708 614 2735 22
620 2708 642 2746 3
661 2710 670 2734 :

710 2771 827 2809 Οὔνεκ’
856 2772 1063 2822 ἀμειβομένη
1090 2771 1186 2822 ψυχὴ
1214 2770 1302 2808 κατὰ
1328 2772 1433 2808 κύκλα
1460 2771 1599 2823 χρόνοιο

711 2839 889 2889 ἀνθρώπου
917 2839 1035 2887 ζῴοισι
1062 2838 1263 2888 μετέρχεται
1290 2835 1429 2873 ἄλλοθεν
1456 2835 1571 2878 ἄλλος·

459 2926 509 2965 cf.
539 2925 774 2977 Olympiod.
802 2926 855 2965 ad
873 2926 973 2966 Plat-
994 2926 1143 2965 Phaed.
1163 2939 1204 2976 p.
1227 2936 1278 2975 70
1295 2938 1331 2964 c.
1350 2925 1430 2962 'Ort
1447 2924 1595 2968 παλαιὸς
1611 2924 1629 2962 ‘o
1647 2925 1746 2975 λόγος
1767 2947 1786 2955 -
1804 2923 1960 2978 Ὀρφαός

389 3005 427 3029 τε
453 2991 521 3043 γὰρ
548 2992 605 3028 καὶ
632 2991 855 3043 Πυθαγόρειος
884 3013 902 3021 -
930 2991 948 3028 ὀ
975 2991 1079 3028 πάλιν
1106 2989 1199 3040 ἄγων
1225 2989 1287 3033 τὰς
1323 2990 1436 3041 ψυχὰς
1471 2992 1518 3033 εἰς
1552 2990 1594 3028 τὸ
1629 2996 1731 3040 σῶμα
1763 2991 1822 3027 καὶ
1856 2990 1960 3028 πάλιν

391 3056 461 3095 ἀπὸ
490 3061 552 3094 ’τοῦ
578 3059 737 3107 σώματος
764 3058 899 3107 ἀνάγων
926 3057 982 3093 καὶ
1007 3061 1108 3094 τοῦτο
1135 3057 1244 3106 κύκλῳ
1269 3057 1445 3099 πολλάκις.
1469 3056 1599 3109 (Abel,
1623 3055 1763 3107 orph„
1791 3056 1839 3096 fr.
1863 3054 1959 3106 225)
