2176 3450
1160 359 1222 403 66

416 495 529 558 Qua
556 495 824 543 mutatione
853 494 981 542 facta
1009 511 1106 542 vox
1133 493 1228 540 ὅσοι
1257 491 1545 556 interposita
1575 501 1652 540 est
1678 507 1741 540 ne
1766 499 1977 539 metrum

416 587 826 642 corrumperetur,
863 587 913 625 et
947 577 1178 640 scriptum
1214 585 1318 623 est:
1369 575 1465 622 ὅσοι
1493 578 1589 622 θεοὶ
1616 578 1818 632 δαίμονες
1841 572 1978 622 ἄλλοι.

415 662 540 711 Cum
575 671 739 709 autem
776 670 944 708 notum
979 659 1040 707 sit
1074 658 1321 722 Orphicos
1354 657 1618 721 praecipue
1646 660 1858 715 δαίμονας
1885 672 1979 720 pro

415 745 519 793 deis
535 745 806 799 invocasse,
818 745 851 805 1)
871 741 1084 805 suspicio
1102 741 1255 788 oritur
1273 755 1472 788 carmen
1485 738 1693 803 supplex
1705 737 1978 802 Orphicum

415 827 634 876 colorem
668 825 890 882 duxisse,
926 840 1225 887 quamquam
1256 822 1381 871 haec
1407 839 1488 871 res
1516 821 1718 870 minoris
1746 820 1980 870 momenti

415 926 528 959 esse
573 908 780 966 videtur,
826 924 936 955 cum
982 923 1162 955 nomen
1210 922 1259 970 q.
1289 922 1333 954 e.
1386 912 1554 967 δαίμων
1599 904 1782 969 passim
1832 903 1980 953 variis

414 993 535 1048 deis,
556 992 589 1055 ²)
624 1000 675 1040 et
709 991 755 1038 in
791 990 956 1054 primis
991 989 1238 1038 chthoniis
1273 989 1380 1037 deis
1419 988 1671 1037 tribuatur.
1714 987 1979 1036 Possumus

415 1077 479 1124 ad
514 1073 745 1138 Aeschyli
779 1090 953 1122 versus
987 1072 1216 1138 relegare
1250 1073 1334 1137 qui
1367 1082 1500 1120 sunt:
1523 1074 1557 1135 ³)

768 1183 923 1241 Ἀλλά,
945 1187 1115 1244 χθόνιοι
1140 1188 1343 1242 δαίμονες
1366 1184 1500 1245 ἁγνοί,

773 1273 813 1315 Γ
811 1270 840 1328 ἦ
861 1285 909 1313 τε
934 1269 1006 1313 καὶ
1027 1266 1180 1328 Ἑρμῆ,
1198 1268 1382 1323 βασιλεῦ
1399 1264 1435 1311 τ’
1455 1266 1626 1326 ἐνέρων,

771 1347 968 1410 πέμψατ’
993 1345 1150 1409 ἔνερθε
1176 1345 1320 1408 ψυχήν
1344 1348 1390 1399 ἐς
1413 1349 1524 1407 φῶς·

479 1455 615 1520 Ergo
633 1471 696 1503 ex
713 1469 776 1502 eo
795 1452 931 1516 quod
949 1452 995 1499 in
1014 1451 1241 1500 adiectivi
1259 1469 1305 1516 q.
1317 1467 1361 1500 e.
1382 1448 1600 1498 ᾰθάνατοι
1618 1450 1779 1499 locum
1797 1467 1979 1500 nomen

415 1556 463 1604 q.
485 1556 528 1587 e.
562 1541 766 1596 δαίμονες
795 1535 942 1592 venit,
978 1535 1177 1583 minime
1205 1528 1433 1598 sequitur'
1453 1543 1506 1582 ut
1534 1534 1762 1582 carminis
1790 1533 1980 1598 mystici

415 1622 715 1685 archetypus
748 1619 995 1683 antiquior
1029 1618 1187 1666 fuerit.
1208 1621 1244 1681 ⁴)

485 1819 514 1870 1)
541 1817 607 1857 cf.
635 1815 832 1856 Harrison
860 1815 962 1856 Prol.
991 1829 1032 1867 p.
1062 1816 1138 1867 588
1166 1821 1206 1854 et
1234 1817 1325 1865 625.

484 1895 513 1946 2)
539 1894 663 1931 εἰδέναι
688 1893 734 1930 τὰ
759 1893 930 1943 δαιμόνων
961 1899 1020 1932 est
1047 1894 1127 1929 θεῶν
1155 1892 1358 1929 ἐπίστασθαι
1385 1894 1461 1944 περὶ
1479 1891 1631 1943 (Eurip.
1651 1891 1816 1932 Philoct.
1835 1893 1882 1932 fr.
1903 1902 1979 1944 793

415 1960 606 2008 Dindorss
651 1966 691 1998 et
728 1958 846 2000 Ἥλιος
881 1971 906 1997 a
941 1957 1174 1997 mortalibus
1210 1957 1388 1994 Ἀπόλλων
1424 1956 1582 2006 dicitur,
1610 1957 1681 2008 qui
1709 1965 1911 1998 noverunt
1934 1957 1981 1995 τὰ

415 2024 553 2076 σιγῶντ’
579 2025 731 2075 ὀνόματα
756 2023 927 2074 δαιμόνων
956 2022 1108 2074 (Eurip.
1139 2023 1303 2062 Phaeth.
1333 2023 1380 2062 fr.
1409 2024 1482 2072 781
1516 2022 1720 2068 Dindorf).

482 2103 512 2149 8)
538 2102 685 2141 Aesch.
712 2102 819 2141 Pers.
848 2102 922 2151 631
967 2113 1049 2151 seq.
1057 2114 1069 2150 ς
1110 2101 1164 2140 cf.
1206 2100 1380 2149 Proclus,
1422 2100 1580 2140 Comm.
1621 2099 1663 2139 in
1705 2099 1835 2141 Alcib.
1863 2101 1904 2142 1:
1945 2102 1980 2139 ἂν

414 2174 490 2211 ταῖς
516 2169 722 2218 ἁγιωτάταις
748 2173 814 2204 τῶν
840 2167 979 2203 τελετῶν
1006 2167 1074 2218 πρὸ
1099 2170 1159 2207 τῆς
1182 2168 1258 2203 θεοῦ
1280 2167 1470 2217 παρουσίας
1488 2165 1660 2216 δαιμόνων
1681 2167 1824 2217 χθονίων
1842 2166 1980 2218 ὰβολαὶ

414 2235 670 2286 προφαίνονται.

482 2311 514 2357 4)
555 2310 827 2350 Observamus
867 2307 1084 2348 Caeciliam
1125 2307 1410 2357 Secundinam,
1453 2307 1616 2347 eosdem
1665 2308 1763 2347 deos
1809 2307 1980 2349 Orcinos

416 2383 633 2427 precatam,
661 2373 738 2413 alia
764 2373 934 2413 numina
959 2372 1116 2413 silentio
1144 2372 1412 2424 praeteriisse3
1440 2373 1660 2413 solemnem
1688 2372 1797 2413 enim
1815 2372 1980 2414 invoca-

416 2441 569 2481 tionem
595 2440 637 2479 in
665 2438 814 2478 lamina
840 2440 1026 2478 Romana
1053 2445 1278 2489 sequuntur
1304 2438 1428 2477 verba
1455 2439 1574 2478 haec:

685 2528 851 2577 (Εὗκλεες,
879 2528 1051 2578 Εὐβουλεῡ
1078 2526 1141 2579 τε),
1172 2526 1251 2569 Διὀς
1276 2529 1369 2569 τέκος
1396 2527 1522 2577 ἀγλάα,
1550 2525 1622 2578 ἔχω
1649 2526 1689 2563 δὲ

683 2596 907 2644 Μνημοσύνης
933 2592 1012 2629 τόδε
1040 2592 1149 2644 δῶρον
1171 2607 1223 2629 >ts
1240 2593 1272 2631 λ.

417 2695 522 2734 quae
560 2683 682 2721 verba
722 2682 954 2733 scrupulum
996 2681 1111 2720 nobis
1151 2680 1334 2729 iniciunt,
1362 2693 1456 2719 cum
1485 2693 1619 2732 neque
1645 2679 1903 2732 perspicuum
1929 2679 1981 2720 sit

418 2757 552 2787 utrum
591 2748 845 2798 Persephone
884 2760 936 2785 an
978 2746 1065 2797 ipsa
1105 2745 1281 2785 Caecilia
1319 2747 1411 2788 τέκος
1457 2746 1534 2788 Διός
1584 2745 1692 2785 dicta
1736 2745 1798 2794 sit,
1845 2757 1981 2797 neque

417 2812 660 2852 adiectivum
676 2812 858 2852 feminini
871 2812 1029 2864 generis
1041 2813 1244 2863 eleganter
1257 2824 1351 2851 cum
1365 2811 1615 2851 substantivo
1628 2810 1808 2851 nenti-lus
1822 2810 1981 2862 generis

417 2878 540 2931 (τέκος)
569 2877 833 2917 coniunctum
869 2877 932 2916 sit.
968 2877 1079 2926 Quas
1109 2877 1161 2916 ob
1189 2890 1329 2916 causas
1357 2889 1496 2916 vereor
1522 2889 1575 2915 ne
1602 2889 1739 2915 versus
1767 2883 1980 2927 corruptus

418 2942 480 2982 sit.
508 2943 706 2982 Adiectivi
734 2950 871 2982 autem
897 2943 1012 2992 ἀγλάα
1040 2942 1213 2993 syllabae
1241 2942 1404 2981 ultimae
1431 2957 1470 2978 -α
1496 2954 1678 2992 apocope
1706 2940 1977 2993 suspicionem

418 3021 501 3047 non
515 3016 651 3047 movet
658 3022 670 3056 3
699 3020 815 3047 versu
835 3021 860 3056 4
878 3007 985 3046 enim
1004 3014 1063 3046 est
1074 3005 1166 3056 3²35
1186 3015 1366 3046 ceterum
1382 3007 1433 3045 cf.
1452 3006 1572 3052 Diels,
1591 3005 1803 3046 Philotesia
1817 3019 1858 3057 p.
1872 3005 1979 3055 47¹⁹:
