2176 3450
965 352 1025 400 95

281 479 334 527 ln
369 478 548 527 lamina
582 478 710 526 enim
745 476 978 542 legimus:

712 569 852 608 AAA
890 566 983 606 ME
1075 565 1256 606 MOPA
1306 563 1598 605 EAAMAEE

384 638 495 678 ΚΑΙ
516 634 855 678 ΑΘΑΝΛΤΟῙ
891 633 1039 675 ΘΕΟΙ
1072 632 1284 674 ΑΛΛΟΙ
1334 633 1451 673 ΚΑΙ
1472 631 1554 672 A}

379 704 803 745 ΣΤΕΡΟΒΛΗΤΑ
892 701 1243 742 ΚΕΡΛΥΝΟΝ.

282 783 437 840 Diels,
473 782 557 847 qui
593 782 769 830 edidit:

364 883 476 927 ἀλλὰ
503 901 551 938 με
583 886 763 940 Μοῖρ(α)
796 882 999 936 ἐδάμασσε
1031 884 1102 925 καὶ
1133 882 1351 924 ἀθάνατοι
1379 883 1474 924 θεοὶ
1501 879 1628 924 ἄλλοι

367 968 382 1028 [
464 987 846 1003 ·····
918 967 931 1025 J
973 968 1045 1009 nai
1087 965 1374 1023 α’στεροβλῆτα
1421 969 1626 1020 κεραυνόν

217 1057 445 1122 opinatur
487 1067 602 1121 post
642 1073 839 1105 versum
892 1072 923 1116 4
974 1055 1160 1103 initium
1212 1072 1383 1103 versus
1437 1069 1462 1116 5
1516 1054 1784 1114 excidisse3

218 1139 295 1188 alii
331 1140 628 1203 interpretes
662 1139 727 1187 ad
763 1155 910 1186 unum
946 1155 1122 1186 omnes
1155 1138 1310 1186 verba
1342 1143 1414 1186 καὶ
1441 1136 1658 1186 ἀθάνατοι
1684 1141 1788 1186 θεοὶ

217 1222 341 1271 ἄλλοι
374 1221 590 1271 delenda
613 1238 727 1270 esse
751 1232 970 1278 censent,
995 1238 1123 1286 quae
1141 1238 1171 1269 e
1190 1237 1336 1269 versu
1359 1236 1384 1268 2
1403 1236 1559 1284 prave
1577 1220 1789 1285 repetita

219 1321 331 1354 esse
354 1315 578 1370 apparet.
607 1304 799 1366 Quibus
822 1304 987 1352 verbis
1009 1303 1200 1352 omissis
1226 1302 1404 1352 Kaibel
1427 1303 1563 1351 vocis
1582 1302 1790 1367 κεραυνόν

220 1388 408 1437 literam
443 1388 661 1436 ultimam
696 1393 772 1448 (ν)
809 1387 950 1436 litera
985 1406 1008 1441 ς
1044 1397 1201 1435 mutat
1236 1397 1286 1434 et
1320 1386 1661 1435 hexametrum
1690 1403 1789 1435 res-

220 1472 343 1520 tituit
377 1471 506 1520 hunc

378 1553 490 1598 α’λλά
517 1572 567 1610 με
597 1556 731 1610 Μοῖρ’
761 1554 966 1609 ἐδάμασσε
997 1556 1069 1597 καὶ
1101 1553 1388 1612 ἀστεροβλῆτα
1419 1557 1620 1609 κεραυνός

284 1643 604 1709 Quamquam
655 1644 779 1693 haec
831 1643 1114 1693 emendatio
1163 1644 1361 1692 omnino
1407 1661 1504 1692 non
1549 1643 1788 1708 displicet,

222 1727 469 1776 reicienda
502 1744 614 1776 esse
643 1728 851 1785 videtur,
880 1744 990 1776 cum
1018 1743 1190 1775 versus
1218 1727 1381 1775 sanari
1410 1727 1567 1791 possit
1594 1726 1791 1776 medela

221 1809 422 1860 leniore.

287 1894 558 1944 Buecheler
578 1898 610 1959 ¹)
640 1895 1064 1959 praepositionem
1091 1894 1183 1942 κατ’
1220 1911 1311 1958 pro
1340 1893 1519 1958 copula
1546 1898 1618 1942 καὶ
1654 1894 1793 1943 resti·

220 1977 310 2026 tuit
343 1988 395 2026 et
427 1979 711 2043 proposuit:

354 2072 467 2116 ἀλλὰ
494 2091 543 2128 με
574 2076 708 2129 Μοῖρ’
740 2074 944 2129 ἐδάμασσε
976 2075 1071 2117 κατ’
1103 2073 1390 2132 ἀστεροβλῆτα
1423 2078 1645 2128 κεραυνόν.

289 2162 479 2229 Exigua
513 2164 714 2228 quidem
750 2163 1001 2213 literarum
1040 2185 1058 2212 ι
1089 2174 1140 2213 et
1179 2186 1202 2211 τ
1230 2164 1436 2214 mutatio
1471 2174 1563 2222 est,
1599 2164 1691 2213 sed
1716 2164 1794 2213 hic

225 2247 606 2311 praepositionis
644 2249 754 2299 κατά
793 2264 910 2296 usus
950 2247 1229 2312 scrupulum
1269 2248 1413 2296 inicit.
1457 2247 1648 2310 Quodsi
1694 2264 1794 2296 me-

226 2328 452 2378 minimus
498 2327 722 2394 Κεραυνόν
764 2330 892 2379 Iovis
938 2347 1119 2380 nomen
1165 2347 1278 2380 esse
1319 2342 1371 2380 et
1411 2331 1634 2380 Graecos
1667 2331 1794 2380 locu·

224 2411 435 2461 tionibus
462 2412 540 2461 σῦν
566 2418 663 2474 θεῷ
684 2413 763 2477 (cs.
796 2413 1112 2462 Homericum
1143 2413 1259 2462 illud
1288 2414 1366 2462 σὺν
1389 2414 1438 2460 Ἀ
1448 2415 1581 2477 θήνῃ)
1607 2423 1660 2462 et
1682 2414 1796 2462 κατιί

225 2492 335 2543 θεόν
367 2515 462 2544 τινα
496 2495 676 2545 eodem
712 2495 816 2545 fere
851 2513 996 2545 sensu
1018 2500 1053 2557 ¹)
1098 2514 1216 2546 usos
1251 2513 1380 2555 esse,
1415 2496 1647 2561 suspicari
1681 2495 1796 2545 licet

283 2608 312 2656 ¹)
329 2609 559 2659 Buecheler,
571 2610 714 2650 Rhein.
726 2611 915 2651 Museum
931 2611 1110 2650 XXXVI
1124 2614 1176 2659 (a.
1189 2624 1202 2650 1
1211 2611 1260 2650 88
1269 2624 1282 2650 ι
1291 2614 1303 2659 )
1313 2625 1354 2663 p.
1364 2624 1440 2662 332
1454 2610 1794 2659 „Coniectanea''.

282 2673 314 2726 ²)
342 2675 406 2715 Cf.
435 2675 641 2727 Aristoph.
670 2675 837 2727 Equites
865 2689 903 2715 v.
936 2688 1031 2726 147:

492 2741 568 2778 ἀλλ’
595 2740 651 2779 ὀδὶ
677 2743 904 2794 προσέρχεται
929 2743 1044 2794 ὥσπερ
1070 2742 1157 2779 κατὰ
1182 2742 1256 2779 θεὸν
1284 2744 1331 2785 εἰς
1358 2742 1499 2795 ἀγοράν.

284 2805 388 2845 Vide
418 2805 631 2846 Leeuweni
657 2807 994 2847 commentarium
1022 2807 1045 2846 l.
1075 2808 1099 2847 1.
1129 2815 1169 2847 et
1195 2808 1247 2848 cs.
1276 2808 1421 2848 Aesch.
1450 2807 1556 2847 Pers.
1585 2818 1623 2847 v,
1656 2820 1748 2846 101:

492 2871 613 2909 οιόοιν
639 2871 707 2924 γὰρ
733 2872 820 2909 κατὰ
847 2872 949 2924 Μοῖρ’
977 2873 1166 2925 ἀρά-τηαν.

230 2943 271 2976 et
300 2937 445 2987 Agam.
477 2948 576 2987 ¹⁶²5

494 3004 683 3052 τεταγμένα
711 3007 824 3054 Μοῖρα
852 3004 886 3039 ἑκ
911 3005 1006 3040 θεῶν.
