2176 3450
1092 383 1153 429 86

475 526 526 569 ὃν
557 523 607 577 δὴ
639 523 771 576 Μοῖρ’
803 520 1007 575 ἐδάμασσε
1039 518 1156 567 τέλος
1187 518 1224 561 δ’
1258 518 1470 573 ἐπέθηκεν
1505 519 1717 573 Ἀνάγκη.
1736 519 1766 574 1)

416 625 577 688 Quam
606 622 1014 688 significationem
1045 620 1085 668 si
1114 630 1247 667 recte
1282 618 1640 667 consideratam
1671 618 1913 680 habemus

351 708 588 756 sentimus
627 707 721 754 hoc
761 721 906 752 versu
948 719 1045 750 non
1089 702 1151 749 de
1192 702 1388 750 homine
1434 701 1479 748 in
1526 700 1760 749 nascendi
1805 717 1914 749 con·

351 790 587 838 ditionem
647 798 854 836 venturo
911 786 1006 851 agi,
1064 784 1201 848 quod
1257 783 1428 832 volunt
1482 784 1777 848 interpretes
1832 783 1915 847 qui

351 873 602 921 hominum
653 888 682 919 e
739 869 968 917 Titanum
1032 884 1206 916 cruore
1272 867 1617 931 cineribusque
1674 866 1914 931 originem

352 955 470 1019 ipsis
516 954 650 1002 hisce
695 951 861 1000 verbis
901 951 1040 1012 Μοῖρ’
1066 949 1287 1009 ἐδάμασσε
1313 955 1451 997 aaz.
1488 948 1761 1014 significari
1806 965 1917 998 con·

350 1038 628 1086 tenderunt.
648 1035 800 1100 Ergo,
827 1034 1061 1098 quidquid
1085 1033 1342 1092 Harrison‚
1364 1033 1587 1097 Gruppe,
1607 1031 1916 1097 Comparetti

352 1121 532 1177 dicunt,
569 1118 800 1182 equidem
836 1127 999 1165 statuo
1035 1127 1205 1165 nostro
1241 1133 1386 1165 versu
1421 1116 1485 1165 de
1521 1116 1731 1165 hominis
1754 1125 1916 1164 morte

352 1218 631 1252 sermonem
650 1218 762 1249 esse
782 1211 832 1249 et
850 1200 1097 1264 peculiare
1115 1200 1313 1264 quidem
1332 1216 1492 1265 genus
1509 1199 1681 1248 mortis
1705 1199 1917 1263 descrip-

351 1295 455 1334 tum
491 1302 629 1343 esse3
664 1284 874 1332 hominis
908 1284 972 1331 de
1003 1283 1146 1332 coelo
1173 1284 1289 1331 tacti
1316 1293 1527 1331 mortem
1555 1282 1679 1331 dico.
1711 1281 1826 1345 Qua
1851 1282 1916 1330 de

353 1385 408 1417 re
431 1367 657 1430 Rohde2)
684 1366 836 1415 fusius
861 1351 978 1431 egit,
1004 1367 1086 1431 qui
1110 1367 1174 1414 ab
1200 1365 1470 1415 Hofmanni
1494 1365 1782 1414 recensione
1807 1381 1919 1430 pro-

352 1451 505 1500 fectus
546 1450 668 1498 haec
710 1450 815 1498 fere
855 1450 1071 1513 scripsit:
1116 1449 1244 1508 „Die
1286 1449 1434 1498 Wahl
1475 1448 1713 1498 zwischen
1760 1455 1918 1498 natiir-

353 1533 529 1582 lichem
568 1532 714 1581 Tode
755 1533 879 1596 (dies
918 1533 1024 1591 soll,
1067 1550 1208 1581 wenn
1250 1532 1628 1581 unterschieden
1669 1548 1768 1580 von
1803 1531 1918 1580 dem

353 1616 572 1675 Blitztod,
603 1624 738 1677 μοῖρα
760 1615 1021 1681 jedenfalls
1055 1616 1269 1680 heissen)
1304 1616 1405 1664 und
1437 1615 1583 1664 Tode
1617 1615 1770 1663 durch
1787 1613 1918 1663 Blitz-

354 1699 505 1762 strahl
534 1699 619 1747 hat
647 1699 774 1747 doch
804 1699 893 1747 der
922 1699 1262 1748 Verstorbene
1292 1700 1445 1758 nicht3
1469 1700 1604 1748 eines
1623 1715 1719 1747 von
1736 1698 1917 1747 beiden

355 1784 497 1846 (oder
546 1799 643 1830 von
697 1781 976 1845 mehreren)
1028 1783 1160 1830 kann
1212 1782 1340 1831 doch
1396 1781 1721 1830 thatsachlich
1776 1780 1920 1830 allein

354 1865 659 1929 eingetreten
695 1865 813 1913 sein.
851 1865 969 1913 Man
1005 1865 1091 1914 hat
1119 1865 1344 1914 offenbar
1373 1866 1419 1913 in
1449 1865 1539 1913 der
1567 1863 1922 1929 Verlegenheit

353 1976 419 1983 —-
442 1948 506 1996 da
529 1948 657 1996 doch
681 1947 884 1996 Blitztod
908 1948 953 1996 in
981 1949 1318 1997 Wirklichkeit
1342 1948 1456 1997 sehr
1479 1948 1638 1997 selten
1657 1947 1840 1996 eintritt
1854 1976 1922 1983 —-

356 2033 453 2079 den
489 2030 619 2079 alten
656 2030 782 2078 Vers
818 2048 874 2079 so
909 2031 1232 2096 abge'andert‚
1268 2033 1385 2080 dass
1421 2049 1476 2080 er
1515 2030 1756 2080 allensalls
1795 2029 1920 2079 auch

356 2113 448 2162 auf
471 2114 630 2171 einen,
662 2113 980 2162 natiirlichem
1005 2101 1177 2163 Todes
1203 2114 1567 2164 Verblichenen
1591 2114 1921 2180 angewendet

359 2196 561 2244 werden
590 2196 791 2245 konnte.
822 2197 1030 2245 Freilich
1063 2198 1383 2263 ungeschickt
1418 2215 1602 2263 genug.
1647 2197 1921 2262 Urspriing-

359 2279 452 2327 lich
488 2280 620 2327 kann
653 2310 719 2316 —
755 2281 842 2328 wie
884 2281 1010 2329 noch
1055 2281 1101 2329 in
1144 2297 1161 2329 1
1204 2281 1438 2343 (Carmen
1473 2281 1523 2329 A
1557 2298 1619 2330 ex
1654 2280 1920 2329 Hofmanni

356 2362 665 2410 recensione:
691 2361 802 2410 ἄλλά
820 2384 876 2420 με
907 2365 1037 2426 Μοῖρ’
1054 2362 1276 2423 ἐδάμασσε
1296 2370 1368 2412 καὶ
1387 2364 1666 2427 οἷστεροπῆτα
1684 2367 1920 2427 κεραυνῶν)

355 2474 420 2480 -
456 2462 546 2492 nur
580 2462 695 2493 vom
729 2445 936 2494 Blitztod
969 2447 1049 2495 die
1082 2448 1225 2496 Rede
1271 2464 1507 2512 gewesen
1552 2448 1674 2506 sein,
1720 2446 1822 2495 und
1865 2462 1922 2495 es

356 2545 492 2576 muss
526 2529 616 2576 das
648 2530 1020 2595 urspriingliche
1061 2530 1283 2595 Original
1327 2531 1416 2579 der
1450 2531 1612 2580 Verse
1646 2530 1752 2579 sich
1793 2529 1920 2578 wohl

357 2610 570 2659 wirklich
600 2611 689 2659 auf
712 2612 852 2661 einen
877 2629 934 2661 so
958 2630 1066 2662 ums
1093 2613 1264 2662 Leben
1290 2614 1669 2663 Gekommenen
1694 2615 1919 2678 bezogen

427 2765 455 2811 1)
483 2765 577 2813 Quo
605 2766 655 2804 de
682 2778 800 2805 versu
829 2766 920 2805 vide
947 2767 1168 2807 Maassium
1196 2769 1435 2820 „Orpheus”
1465 2783 1505 2821 p.
1536 2769 1661 2820 26945.
1699 2769 1760 2808 Cf.
1794 2770 1920 2808 Hom.

482 2836 503 2866 Σ
537 2843 625 2881 119,
654 2830 743 2867 ἀλλὰ
771 2836 814 2867 Fe
841 2832 929 2883 μοῖρ’
960 2831 1147 2883 ἐδάμασσε.

478 2910 506 2945 χ
533 2908 625 2945 413,
651 2895 775 2932 τούσδε
802 2895 841 2932 δὲ
869 2897 960 2949 μοῖρ’
989 2897 1164 2948 ἐδάμασσε

476 2965 506 2996 Π
535 2961 624 3010 849,
652 2962 742 2997 ἀλλά
769 2975 811 3011 με
837 2963 926 3014 μοῖρ’
955 2964 1036 3003 ὀλοὴ
1053 2993 1060 3000 .
1079 2993 1086 3000 .
1107 2993 1114 3000 .
1143 2962 1288 3003 ἔκτανεν.

425 3023 455 3069 ’)
481 3025 637 3075 Rohde,
665 3026 818 3076 Psyche
844 3027 896 3068 11.
927 3029 1034 3067 2184.
