<?xml version="1.0" encoding="UTF-8"?>
<!DOCTYPE html PUBLIC "-//W3C//DTD XHTML 1.0 Transitional//EN"
    "http://www.w3.org/TR/xhtml1/DTD/xhtml1-transitional.dtd">
<html xmlns="http://www.w3.org/1999/xhtml" xml:lang="en" lang="en">
 <head>
  <title>
</title>
<meta http-equiv="Content-Type" content="text/html;charset=utf-8" />
  <meta name='ocr-system' content='tesseract 3.04.00' />
  <meta name='ocr-capabilities' content='ocr_page ocr_carea ocr_par ocr_line ocrx_word'/>
</head>
<body>
  <div class='ocr_page' id='page_1' title='image "./detribuslaminisa00wietuoft_0164.png"; bbox 0 0 2176 3450; ppageno 0'>
   <div class='ocr_carea' id='block_1_1' title="bbox 1116 350 1206 398">
    <p class='ocr_par' dir='ltr' id='par_1_1' title="bbox 1116 350 1206 398">
     <span class='ocr_line' id='line_1_1' title="bbox 1116 350 1206 398; baseline -0.022 0"><span class='ocrx_word' id='word_1_1' title='bbox 1116 350 1206 398; x_wconf 88' lang='lat'>154</span> 
     </span>
    </p>
   </div>
   <div class='ocr_carea' id='block_1_2' title="bbox 369 469 1936 1201">
    <p class='ocr_par' dir='ltr' id='par_1_2' title="bbox 369 469 1936 1201">
     <span class='ocr_line' id='line_1_2' title="bbox 437 469 1936 538; baseline 0.001 -16"><span class='ocrx_word' id='word_1_2' title='bbox 437 473 782 522; x_wconf 88' lang='lat' dir='ltr'>Concludimus</span> <span class='ocrx_word' id='word_1_3' title='bbox 815 473 959 538; x_wconf 86' lang='lat' dir='ltr'>igitur</span> <span class='ocrx_word' id='word_1_4' title='bbox 1000 469 1194 533; x_wconf 79' lang='grc' dir='ltr'><strong><em>κοινόβια</em></strong></span> <span class='ocrx_word' id='word_1_5' title='bbox 1225 472 1542 538; x_wconf 88' lang='lat' dir='ltr'>Pythagorea</span> <span class='ocrx_word' id='word_1_6' title='bbox 1586 473 1936 523; x_wconf 88' lang='lat' dir='ltr'>Bacchicorum</span> 
     </span>
     <span class='ocr_line' id='line_1_3' title="bbox 371 555 1936 620; baseline 0.002 -16"><span class='ocrx_word' id='word_1_7' title='bbox 371 556 638 605; x_wconf 86' lang='lat' dir='ltr'>thiasorum</span> <span class='ocrx_word' id='word_1_8' title='bbox 675 556 840 620; x_wconf 90' lang='lat' dir='ltr'>specie</span> <span class='ocrx_word' id='word_1_9' title='bbox 875 556 1190 620; x_wconf 86' lang='lat' dir='ltr'>perdurasse.</span> <span class='ocrx_word' id='word_1_10' title='bbox 1237 555 1492 604; x_wconf 89' lang='lat' dir='ltr'>Dieterich</span> <span class='ocrx_word' id='word_1_11' title='bbox 1535 555 1660 606; x_wconf 88' lang='lat' dir='ltr'>haec</span> <span class='ocrx_word' id='word_1_12' title='bbox 1704 557 1936 607; x_wconf 83' lang='lat' dir='ltr'>sodalicia</span> 
     </span>
     <span class='ocr_line' id='line_1_4' title="bbox 372 639 1934 704; baseline 0 -15"><span class='ocrx_word' id='word_1_13' title='bbox 372 639 625 704; x_wconf 72' lang='lat' dir='ltr'>„Orphica</span> <span class='ocrx_word' id='word_1_14' title='bbox 658 639 1007 704; x_wconf 85' lang='lat' dir='ltr'>Pythagorea’&#39;</span> <span class='ocrx_word' id='word_1_15' title='bbox 1045 639 1176 698; x_wconf 86' lang='lat' dir='ltr'>dixit,</span> <span class='ocrx_word' id='word_1_16' title='bbox 1211 640 1379 688; x_wconf 88' lang='lat' dir='ltr'>Maass</span> <span class='ocrx_word' id='word_1_17' title='bbox 1414 639 1491 688; x_wconf 91' lang='lat' dir='ltr'>his</span> <span class='ocrx_word' id='word_1_18' title='bbox 1529 639 1780 688; x_wconf 85' lang='lat' dir='ltr'>sodalibus</span> <span class='ocrx_word' id='word_1_19' title='bbox 1820 639 1934 689; x_wconf 88' lang='lat' dir='ltr'>nihil</span> 
     </span>
     <span class='ocr_line' id='line_1_5' title="bbox 370 721 1935 788; baseline 0.001 -17"><span class='ocrx_word' id='word_1_20' title='bbox 370 739 479 771; x_wconf 90' lang='lat' dir='ltr'>cum</span> <span class='ocrx_word' id='word_1_21' title='bbox 515 722 840 788; x_wconf 83' lang='lat' dir='ltr'>Pythagoreis</span> <span class='ocrx_word' id='word_1_22' title='bbox 876 738 1138 770; x_wconf 89' lang='lat' dir='ltr'>commune</span> <span class='ocrx_word' id='word_1_23' title='bbox 1184 721 1333 771; x_wconf 88' lang='lat' dir='ltr'>fuisse</span> <span class='ocrx_word' id='word_1_24' title='bbox 1378 722 1532 771; x_wconf 88' lang='lat' dir='ltr'>credit</span> <span class='ocrx_word' id='word_1_25' title='bbox 1576 731 1628 771; x_wconf 93' lang='lat' dir='ltr'>et</span> <span class='ocrx_word' id='word_1_26' title='bbox 1672 722 1859 772; x_wconf 82' lang='lat' dir='ltr'>thiasos</span> <span class='ocrx_word' id='word_1_27' title='bbox 1903 739 1935 772; x_wconf 91' lang='lat' dir='ltr'>a</span> 
     </span>
     <span class='ocr_line' id='line_1_6' title="bbox 371 805 1934 871; baseline 0 -17"><span class='ocrx_word' id='word_1_28' title='bbox 371 805 596 870; x_wconf 89' lang='lat' dir='ltr'>Dionyso</span> <span class='ocrx_word' id='word_1_29' title='bbox 615 805 923 869; x_wconf 84' lang='lat' dir='ltr'>nuncupavit,</span> <span class='ocrx_word' id='word_1_30' title='bbox 948 805 1176 869; x_wconf 88' lang='lat' dir='ltr'>equidem</span> <span class='ocrx_word' id='word_1_31' title='bbox 1197 821 1359 869; x_wconf 90' lang='lat' dir='ltr'>neque</span> <span class='ocrx_word' id='word_1_32' title='bbox 1393 805 1440 853; x_wconf 92' lang='lat' dir='ltr'>in</span> <span class='ocrx_word' id='word_1_33' title='bbox 1475 805 1692 855; x_wconf 88' lang='lat' dir='ltr'>carmine</span> <span class='ocrx_word' id='word_1_34' title='bbox 1725 805 1934 871; x_wconf 89' lang='lat' dir='ltr'>supplici</span> 
     </span>
     <span class='ocr_line' id='line_1_7' title="bbox 370 887 1935 954; baseline 0.001 -17"><span class='ocrx_word' id='word_1_35' title='bbox 370 905 533 952; x_wconf 91' lang='lat' dir='ltr'>neque</span> <span class='ocrx_word' id='word_1_36' title='bbox 568 888 616 935; x_wconf 91' lang='lat' dir='ltr'>in</span> <span class='ocrx_word' id='word_1_37' title='bbox 651 903 692 935; x_wconf 93' lang='lat' dir='ltr'>c.</span> <span class='ocrx_word' id='word_1_38' title='bbox 729 887 936 952; x_wconf 90' lang='lat' dir='ltr'>mystico</span> <span class='ocrx_word' id='word_1_39' title='bbox 970 888 1236 952; x_wconf 88' lang='lat' dir='ltr'>quidquam</span> <span class='ocrx_word' id='word_1_40' title='bbox 1274 888 1434 937; x_wconf 90' lang='lat' dir='ltr'>inveni</span> <span class='ocrx_word' id='word_1_41' title='bbox 1450 890 1484 953; x_wconf 88' lang='grc'>1)</span> <span class='ocrx_word' id='word_1_42' title='bbox 1512 889 1647 954; x_wconf 93' lang='lat' dir='ltr'>quod</span> <span class='ocrx_word' id='word_1_43' title='bbox 1675 889 1843 953; x_wconf 86' lang='lat' dir='ltr'>potius</span> <span class='ocrx_word' id='word_1_44' title='bbox 1869 889 1935 938; x_wconf 88' lang='lat' dir='ltr'>ad</span> 
     </span>
     <span class='ocr_line' id='line_1_8' title="bbox 371 970 1934 1035; baseline 0.001 -15"><span class='ocrx_word' id='word_1_45' title='bbox 371 970 630 1035; x_wconf 88' lang='lat' dir='ltr'>Orpheum</span> <span class='ocrx_word' id='word_1_46' title='bbox 679 987 826 1034; x_wconf 92' lang='lat' dir='ltr'>quam</span> <span class='ocrx_word' id='word_1_47' title='bbox 862 971 927 1019; x_wconf 91' lang='lat' dir='ltr'>ad</span> <span class='ocrx_word' id='word_1_48' title='bbox 961 970 1206 1019; x_wconf 91' lang='lat' dir='ltr'>Bacchum</span> <span class='ocrx_word' id='word_1_49' title='bbox 1246 970 1462 1020; x_wconf 84' lang='lat' dir='ltr'>referam</span> <span class='ocrx_word' id='word_1_50' title='bbox 1496 981 1547 1020; x_wconf 89' lang='lat' dir='ltr'>et</span> <span class='ocrx_word' id='word_1_51' title='bbox 1590 972 1934 1021; x_wconf 88' lang='lat' dir='ltr'>demonstrare</span> 
     </span>
     <span class='ocr_line' id='line_1_9' title="bbox 369 1053 1933 1118; baseline 0.001 -15"><span class='ocrx_word' id='word_1_52' title='bbox 369 1064 572 1103; x_wconf 89' lang='lat' dir='ltr'>conatus</span> <span class='ocrx_word' id='word_1_53' title='bbox 606 1070 714 1101; x_wconf 90' lang='lat' dir='ltr'>sum</span> <span class='ocrx_word' id='word_1_54' title='bbox 739 1053 938 1102; x_wconf 91' lang='lat' dir='ltr'>sodales</span> <span class='ocrx_word' id='word_1_55' title='bbox 971 1053 1316 1118; x_wconf 87' lang='lat' dir='ltr'>Pythagoreos</span> <span class='ocrx_word' id='word_1_56' title='bbox 1350 1054 1555 1103; x_wconf 87' lang='lat' dir='ltr'>Bacchis</span> <span class='ocrx_word' id='word_1_57' title='bbox 1589 1054 1802 1104; x_wconf 88' lang='lat' dir='ltr'>initiatos</span> <span class='ocrx_word' id='word_1_58' title='bbox 1836 1071 1933 1104; x_wconf 90' lang='lat' dir='ltr'>non</span> 
     </span>
     <span class='ocr_line' id='line_1_10' title="bbox 369 1136 1934 1201; baseline 0.001 -16"><span class='ocrx_word' id='word_1_59' title='bbox 369 1137 526 1185; x_wconf 89' lang='lat' dir='ltr'>solum</span> <span class='ocrx_word' id='word_1_60' title='bbox 573 1153 603 1184; x_wconf 91' lang='lat' dir='ltr'>a</span> <span class='ocrx_word' id='word_1_61' title='bbox 648 1136 932 1201; x_wconf 89' lang='lat' dir='ltr'>Pythagora</span> <span class='ocrx_word' id='word_1_62' title='bbox 977 1136 1069 1184; x_wconf 90' lang='lat' dir='ltr'>sed</span> <span class='ocrx_word' id='word_1_63' title='bbox 1115 1136 1263 1186; x_wconf 87' lang='lat' dir='ltr'>etiam</span> <span class='ocrx_word' id='word_1_64' title='bbox 1307 1154 1338 1186; x_wconf 90' lang='lat' dir='ltr'>a</span> <span class='ocrx_word' id='word_1_65' title='bbox 1378 1137 1570 1186; x_wconf 83' lang='lat' dir='ltr'>Baccho</span> <span class='ocrx_word' id='word_1_66' title='bbox 1606 1137 1934 1188; x_wconf 87' lang='lat' dir='ltr'>nominandos</span> 
     </span>
    </p>
   </div>
   <div class='ocr_carea' id='block_1_3' title="bbox 369 1222 547 1283">
    <p class='ocr_par' dir='ltr' id='par_1_3' title="bbox 369 1222 547 1283">
     <span class='ocr_line' id='line_1_11' title="bbox 369 1222 547 1283; baseline 0 -15"><span class='ocrx_word' id='word_1_67' title='bbox 369 1236 495 1268; x_wconf 88' lang='lat' dir='ltr'>esse.</span> <span class='ocrx_word' id='word_1_68' title='bbox 513 1222 547 1283; x_wconf 76' lang='lat'>⁹)</span> 
     </span>
    </p>
   </div>
   <div class='ocr_carea' id='block_1_4' title="bbox 476 1357 1827 1435">
    <p class='ocr_par' dir='ltr' id='par_1_4' title="bbox 476 1357 1827 1435">
     <span class='ocr_line' id='line_1_12' title="bbox 476 1357 1827 1435; baseline 0.001 -31"><span class='ocrx_word' id='word_1_69' title='bbox 476 1359 505 1422; x_wconf 63' lang='lat' dir='ltr'>g</span> <span class='ocrx_word' id='word_1_70' title='bbox 541 1372 584 1418; x_wconf 86' lang='lat'>3.</span> <span class='ocrx_word' id='word_1_71' title='bbox 655 1357 733 1405; x_wconf 82' lang='lat' dir='ltr'>De</span> <span class='ocrx_word' id='word_1_72' title='bbox 765 1357 965 1435; x_wconf 51' lang='lat' dir='ltr'>deorum</span> <span class='ocrx_word' id='word_1_73' title='bbox 1005 1357 1349 1406; x_wconf 75' lang='lat' dir='ltr'>Thurinorum</span> <span class='ocrx_word' id='word_1_74' title='bbox 1381 1358 1514 1406; x_wconf 81' lang='lat' dir='ltr'><em>cultu</em></span> <span class='ocrx_word' id='word_1_75' title='bbox 1537 1363 1827 1423; x_wconf 79' lang='lat' dir='ltr'>propagato.</span> 
     </span>
    </p>
   </div>
   <div class='ocr_carea' id='block_1_5' title="bbox 368 1463 1934 1696">
    <p class='ocr_par' dir='ltr' id='par_1_5' title="bbox 368 1463 1934 1696">
     <span class='ocr_line' id='line_1_13' title="bbox 433 1463 1934 1530; baseline 0.002 -19"><span class='ocrx_word' id='word_1_76' title='bbox 433 1463 672 1528; x_wconf 86' lang='lat' dir='ltr'>Mysteria</span> <span class='ocrx_word' id='word_1_77' title='bbox 738 1463 961 1512; x_wconf 89' lang='lat' dir='ltr'>Thurina</span> <span class='ocrx_word' id='word_1_78' title='bbox 1022 1464 1205 1512; x_wconf 89' lang='lat' dir='ltr'>sensim</span> <span class='ocrx_word' id='word_1_79' title='bbox 1260 1480 1352 1528; x_wconf 91' lang='lat' dir='ltr'>per</span> <span class='ocrx_word' id='word_1_80' title='bbox 1406 1463 1592 1513; x_wconf 90' lang='lat' dir='ltr'>ltaliam</span> <span class='ocrx_word' id='word_1_81' title='bbox 1654 1475 1934 1530; x_wconf 87' lang='lat' dir='ltr'>propagata</span> 
     </span>
     <span class='ocr_line' id='line_1_14' title="bbox 368 1546 1667 1611; baseline 0 -15"><span class='ocrx_word' id='word_1_82' title='bbox 368 1546 698 1611; x_wconf 88' lang='lat' dir='ltr'>Orphicorum</span> <span class='ocrx_word' id='word_1_83' title='bbox 734 1546 780 1595; x_wconf 91' lang='lat' dir='ltr'>in</span> <span class='ocrx_word' id='word_1_84' title='bbox 816 1547 1019 1595; x_wconf 91' lang='lat' dir='ltr'>modum</span> <span class='ocrx_word' id='word_1_85' title='bbox 1054 1556 1243 1596; x_wconf 88' lang='lat' dir='ltr'>mutata</span> <span class='ocrx_word' id='word_1_86' title='bbox 1277 1563 1391 1596; x_wconf 89' lang='lat' dir='ltr'>esse</span> <span class='ocrx_word' id='word_1_87' title='bbox 1424 1547 1667 1596; x_wconf 89' lang='lat' dir='ltr'>videntur.</span> 
     </span>
     <span class='ocr_line' id='line_1_15' title="bbox 432 1629 1932 1696; baseline 0.001 -17"><span class='ocrx_word' id='word_1_88' title='bbox 432 1629 599 1679; x_wconf 88' lang='lat' dir='ltr'>Livius</span> <span class='ocrx_word' id='word_1_89' title='bbox 612 1631 645 1693; x_wconf 78' lang='lat'>⁸)</span> <span class='ocrx_word' id='word_1_90' title='bbox 687 1630 817 1678; x_wconf 90' lang='lat' dir='ltr'>enim</span> <span class='ocrx_word' id='word_1_91' title='bbox 856 1629 1041 1678; x_wconf 89' lang='lat' dir='ltr'>rettulit</span> <span class='ocrx_word' id='word_1_92' title='bbox 1073 1629 1323 1678; x_wconf 84' lang='lat' dir='ltr'>Pacullam</span> <span class='ocrx_word' id='word_1_93' title='bbox 1357 1631 1587 1688; x_wconf 90' lang='lat' dir='ltr'>Anniam,</span> <span class='ocrx_word' id='word_1_94' title='bbox 1623 1630 1932 1696; x_wconf 87' lang='lat' dir='ltr'>Campanam</span> 
     </span>
    </p>
   </div>
   <div class='ocr_carea' id='block_1_6' title="bbox 367 1721 651 1728">
    <p class='ocr_par' dir='ltr' id='par_1_6' title="bbox 367 1721 651 1728">
     <span class='ocr_line' id='line_1_16' title="bbox 367 1721 651 1728; baseline 0 0"><span class='ocrx_word' id='word_1_95' title='bbox 367 1721 651 1728; x_wconf 95' lang='lat' dir='ltr'> </span> 
     </span>
    </p>
   </div>
   <div class='ocr_carea' id='block_1_7' title="bbox 363 1748 1933 2971">
    <p class='ocr_par' dir='ltr' id='par_1_7' title="bbox 366 1748 1933 2051">
     <span class='ocr_line' id='line_1_17' title="bbox 366 1748 1932 1802; baseline 0.001 -14"><span class='ocrx_word' id='word_1_96' title='bbox 366 1749 586 1801; x_wconf 85' lang='lat' dir='ltr'>praefuisse</span> <span class='ocrx_word' id='word_1_97' title='bbox 613 1749 767 1799; x_wconf 89' lang='lat' dir='ltr'>dicunt,</span> <span class='ocrx_word' id='word_1_98' title='bbox 795 1749 861 1788; x_wconf 90' lang='lat' dir='ltr'>cui</span> <span class='ocrx_word' id='word_1_99' title='bbox 887 1748 1053 1789; x_wconf 86' lang='lat' dir='ltr'>Sabazia</span> <span class='ocrx_word' id='word_1_100' title='bbox 1077 1758 1171 1789; x_wconf 89' lang='lat' dir='ltr'>sunt</span> <span class='ocrx_word' id='word_1_101' title='bbox 1198 1749 1394 1799; x_wconf 86' lang='lat' dir='ltr'>instituta,</span> <span class='ocrx_word' id='word_1_102' title='bbox 1417 1757 1607 1801; x_wconf 86' lang='lat' dir='ltr'>quartum</span> <span class='ocrx_word' id='word_1_103' title='bbox 1620 1752 1722 1802; x_wconf 88' lang='lat' dir='ltr'>Jove</span> <span class='ocrx_word' id='word_1_104' title='bbox 1743 1759 1783 1791; x_wconf 86' lang='lat' dir='ltr'>et</span> <span class='ocrx_word' id='word_1_105' title='bbox 1803 1752 1932 1801; x_wconf 89' lang='lat' dir='ltr'>Luna,</span> 
     </span>
     <span class='ocr_line' id='line_1_18' title="bbox 366 1814 1932 1868; baseline 0.002 -14"><span class='ocrx_word' id='word_1_106' title='bbox 366 1815 433 1854; x_wconf 90' lang='lat' dir='ltr'>cui</span> <span class='ocrx_word' id='word_1_107' title='bbox 460 1827 572 1854; x_wconf 88' lang='lat' dir='ltr'>sacra</span> <span class='ocrx_word' id='word_1_108' title='bbox 598 1814 776 1866; x_wconf 80' lang='lat' dir='ltr'>Orphica</span> <span class='ocrx_word' id='word_1_109' title='bbox 802 1822 998 1866; x_wconf 88' lang='lat' dir='ltr'>putantur</span> <span class='ocrx_word' id='word_1_110' title='bbox 1017 1814 1182 1864; x_wconf 80' lang='lat' dir='ltr'>confici,</span> <span class='ocrx_word' id='word_1_111' title='bbox 1203 1814 1393 1866; x_wconf 89' lang='lat' dir='ltr'>quintum</span> <span class='ocrx_word' id='word_1_112' title='bbox 1410 1815 1509 1855; x_wconf 92' lang='lat' dir='ltr'>Niso</span> <span class='ocrx_word' id='word_1_113' title='bbox 1528 1823 1670 1855; x_wconf 90' lang='lat' dir='ltr'>natum</span> <span class='ocrx_word' id='word_1_114' title='bbox 1690 1823 1730 1856; x_wconf 90' lang='lat' dir='ltr'>et</span> <span class='ocrx_word' id='word_1_115' title='bbox 1748 1817 1932 1868; x_wconf 89' lang='lat' dir='ltr'>Thyone,</span> 
     </span>
     <span class='ocr_line' id='line_1_19' title="bbox 366 1879 1932 1933; baseline 0.002 -14"><span class='ocrx_word' id='word_1_116' title='bbox 366 1893 391 1919; x_wconf 92' lang='lat' dir='ltr'>a</span> <span class='ocrx_word' id='word_1_117' title='bbox 417 1893 500 1931; x_wconf 92' lang='lat' dir='ltr'>quo</span> <span class='ocrx_word' id='word_1_118' title='bbox 527 1879 769 1919; x_wconf 85' lang='lat' dir='ltr'>Trieterides</span> <span class='ocrx_word' id='word_1_119' title='bbox 796 1880 1040 1920; x_wconf 88' lang='lat' dir='ltr'>constitutae</span> <span class='ocrx_word' id='word_1_120' title='bbox 1066 1879 1300 1932; x_wconf 85' lang='lat' dir='ltr'>putantur”.</span> <span class='ocrx_word' id='word_1_121' title='bbox 1318 1882 1463 1932; x_wconf 86' lang='lat' dir='ltr'>Neque</span> <span class='ocrx_word' id='word_1_122' title='bbox 1481 1881 1625 1921; x_wconf 91' lang='lat' dir='ltr'>Cicero</span> <span class='ocrx_word' id='word_1_123' title='bbox 1643 1894 1778 1933; x_wconf 89' lang='lat' dir='ltr'>neque</span> <span class='ocrx_word' id='word_1_124' title='bbox 1794 1882 1932 1933; x_wconf 76' lang='lat' dir='ltr'>Lydus</span> 
     </span>
     <span class='ocr_line' id='line_1_20' title="bbox 367 1945 1933 1999; baseline 0.001 -14"><span class='ocrx_word' id='word_1_125' title='bbox 367 1958 479 1985; x_wconf 89' lang='lat' dir='ltr'>sacra</span> <span class='ocrx_word' id='word_1_126' title='bbox 506 1945 684 1996; x_wconf 90' lang='lat' dir='ltr'>Orphica</span> <span class='ocrx_word' id='word_1_127' title='bbox 711 1946 764 1984; x_wconf 88' lang='lat' dir='ltr'>ad</span> <span class='ocrx_word' id='word_1_128' title='bbox 791 1946 914 1985; x_wconf 87' lang='lat' dir='ltr'>deum</span> <span class='ocrx_word' id='word_1_129' title='bbox 943 1945 1182 1997; x_wconf 86' lang='lat' dir='ltr'>Proserpina</span> <span class='ocrx_word' id='word_1_130' title='bbox 1201 1953 1344 1986; x_wconf 88' lang='lat' dir='ltr'>natum</span> <span class='ocrx_word' id='word_1_131' title='bbox 1363 1947 1552 1996; x_wconf 89' lang='lat' dir='ltr'>referunt,</span> <span class='ocrx_word' id='word_1_132' title='bbox 1569 1959 1693 1998; x_wconf 89' lang='lat' dir='ltr'>quem</span> <span class='ocrx_word' id='word_1_133' title='bbox 1716 1947 1933 1999; x_wconf 88' lang='lat' dir='ltr'>praecipue</span> 
     </span>
     <span class='ocr_line' id='line_1_21' title="bbox 366 2009 1201 2051; baseline 0.001 -1"><span class='ocrx_word' id='word_1_134' title='bbox 366 2009 563 2050; x_wconf 81' lang='lat' dir='ltr'>thiasotae</span> <span class='ocrx_word' id='word_1_135' title='bbox 589 2010 727 2049; x_wconf 86' lang='lat' dir='ltr'>Italiae</span> <span class='ocrx_word' id='word_1_136' title='bbox 753 2010 949 2050; x_wconf 89' lang='lat' dir='ltr'>inferioris</span> <span class='ocrx_word' id='word_1_137' title='bbox 977 2011 1201 2051; x_wconf 89' lang='lat' dir='ltr'>coluerunt.</span> 
     </span>
    </p>

    <p class='ocr_par' dir='ltr' id='par_1_8' title="bbox 364 2075 1932 2389">
     <span class='ocr_line' id='line_1_22' title="bbox 421 2075 1932 2130; baseline 0.003 -16"><span class='ocrx_word' id='word_1_138' title='bbox 421 2076 451 2126; x_wconf 84' lang='lat'>1)</span> <span class='ocrx_word' id='word_1_139' title='bbox 478 2075 679 2115; x_wconf 87' lang='lat' dir='ltr'>Credibile</span> <span class='ocrx_word' id='word_1_140' title='bbox 706 2083 843 2115; x_wconf 86' lang='lat' dir='ltr'>autem</span> <span class='ocrx_word' id='word_1_141' title='bbox 871 2085 932 2116; x_wconf 89' lang='lat' dir='ltr'>est</span> <span class='ocrx_word' id='word_1_142' title='bbox 957 2075 999 2115; x_wconf 89' lang='lat' dir='ltr'>in</span> <span class='ocrx_word' id='word_1_143' title='bbox 1028 2076 1199 2116; x_wconf 81' lang='lat' dir='ltr'>Graecia</span> <span class='ocrx_word' id='word_1_144' title='bbox 1227 2076 1377 2117; x_wconf 86' lang='lat' dir='ltr'>maiore</span> <span class='ocrx_word' id='word_1_145' title='bbox 1402 2090 1486 2117; x_wconf 91' lang='lat' dir='ltr'>non</span> <span class='ocrx_word' id='word_1_146' title='bbox 1510 2078 1640 2117; x_wconf 87' lang='lat' dir='ltr'>solum</span> <span class='ocrx_word' id='word_1_147' title='bbox 1660 2078 1932 2130; x_wconf 83' lang='lat' dir='ltr'>Pythagoreos</span> 
     </span>
     <span class='ocr_line' id='line_1_23' title="bbox 364 2140 1931 2195; baseline 0.003 -16"><span class='ocrx_word' id='word_1_148' title='bbox 364 2140 533 2180; x_wconf 90' lang='lat' dir='ltr'>Bacchis</span> <span class='ocrx_word' id='word_1_149' title='bbox 558 2140 733 2180; x_wconf 84' lang='lat' dir='ltr'>initiatos</span> <span class='ocrx_word' id='word_1_150' title='bbox 761 2153 848 2180; x_wconf 89' lang='lat' dir='ltr'>esse</span> <span class='ocrx_word' id='word_1_151' title='bbox 874 2142 947 2180; x_wconf 88' lang='lat' dir='ltr'>sed</span> <span class='ocrx_word' id='word_1_152' title='bbox 974 2141 1094 2181; x_wconf 86' lang='lat' dir='ltr'>etiam</span> <span class='ocrx_word' id='word_1_153' title='bbox 1122 2149 1275 2182; x_wconf 87' lang='lat' dir='ltr'>sectam</span> <span class='ocrx_word' id='word_1_154' title='bbox 1304 2142 1523 2194; x_wconf 86' lang='lat' dir='ltr'>Orphicam</span> <span class='ocrx_word' id='word_1_155' title='bbox 1550 2142 1691 2195; x_wconf 87' lang='lat' dir='ltr'>fuisse;</span> <span class='ocrx_word' id='word_1_156' title='bbox 1719 2143 1856 2184; x_wconf 88' lang='lat' dir='ltr'>nescio</span> <span class='ocrx_word' id='word_1_157' title='bbox 1876 2155 1931 2184; x_wconf 84' lang='lat' dir='ltr'>an</span> 
     </span>
     <span class='ocr_line' id='line_1_24' title="bbox 364 2205 1932 2259; baseline 0.003 -14"><span class='ocrx_word' id='word_1_158' title='bbox 364 2205 407 2245; x_wconf 90' lang='lat' dir='ltr'>in</span> <span class='ocrx_word' id='word_1_159' title='bbox 434 2205 519 2246; x_wconf 89' lang='lat' dir='ltr'>aliis</span> <span class='ocrx_word' id='word_1_160' title='bbox 545 2205 702 2245; x_wconf 87' lang='lat' dir='ltr'>laminis</span> <span class='ocrx_word' id='word_1_161' title='bbox 730 2207 837 2254; x_wconf 86' lang='lat' dir='ltr'>(lam.</span> <span class='ocrx_word' id='word_1_162' title='bbox 864 2208 989 2246; x_wconf 88' lang='lat' dir='ltr'>Thur.</span> <span class='ocrx_word' id='word_1_163' title='bbox 1018 2215 1173 2258; x_wconf 89' lang='lat' dir='ltr'>quarta,</span> <span class='ocrx_word' id='word_1_164' title='bbox 1187 2207 1331 2259; x_wconf 90' lang='lat' dir='ltr'>quinta</span> <span class='ocrx_word' id='word_1_165' title='bbox 1349 2216 1389 2248; x_wconf 88' lang='lat' dir='ltr'>et</span> <span class='ocrx_word' id='word_1_166' title='bbox 1408 2209 1501 2249; x_wconf 88' lang='lat' dir='ltr'>lam.</span> <span class='ocrx_word' id='word_1_167' title='bbox 1522 2209 1716 2258; x_wconf 86' lang='lat' dir='ltr'>Petelina)</span> <span class='ocrx_word' id='word_1_168' title='bbox 1736 2209 1932 2249; x_wconf 88' lang='lat' dir='ltr'>nonnulla</span> 
     </span>
     <span class='ocr_line' id='line_1_25' title="bbox 366 2270 1932 2324; baseline 0.003 -14"><span class='ocrx_word' id='word_1_169' title='bbox 366 2270 543 2322; x_wconf 89' lang='lat' dir='ltr'>Orphica</span> <span class='ocrx_word' id='word_1_170' title='bbox 562 2272 760 2323; x_wconf 87' lang='lat' dir='ltr'>legantur.</span> <span class='ocrx_word' id='word_1_171' title='bbox 782 2272 845 2311; x_wconf 89' lang='lat' dir='ltr'>Cf.</span> <span class='ocrx_word' id='word_1_172' title='bbox 874 2273 999 2323; x_wconf 88' lang='lat' dir='ltr'>Kern,</span> <span class='ocrx_word' id='word_1_173' title='bbox 1030 2272 1274 2324; x_wconf 86' lang='lat' dir='ltr'>Orphischer</span> <span class='ocrx_word' id='word_1_174' title='bbox 1292 2274 1515 2314; x_wconf 86' lang='lat' dir='ltr'>Totenkult</span> <span class='ocrx_word' id='word_1_175' title='bbox 1541 2275 1641 2321; x_wconf 86' lang='lat' dir='ltr'>(Aus</span> <span class='ocrx_word' id='word_1_176' title='bbox 1663 2275 1735 2314; x_wconf 92' lang='lat' dir='ltr'>der</span> <span class='ocrx_word' id='word_1_177' title='bbox 1754 2275 1932 2315; x_wconf 86' lang='lat' dir='ltr'>Anomia</span> 
     </span>
     <span class='ocr_line' id='line_1_26' title="bbox 364 2335 581 2389; baseline -0.023 0"><span class='ocrx_word' id='word_1_178' title='bbox 364 2350 404 2389; x_wconf 74' lang='lat'>1³·</span> <span class='ocrx_word' id='word_1_179' title='bbox 436 2335 581 2387; x_wconf 85' lang='lat'>87-95)-</span> 
     </span>
    </p>

    <p class='ocr_par' dir='ltr' id='par_1_9' title="bbox 363 2401 1930 2778">
     <span class='ocr_line' id='line_1_27' title="bbox 418 2401 1930 2454; baseline 0.004 -14"><span class='ocrx_word' id='word_1_180' title='bbox 418 2401 451 2454; x_wconf 74' lang='lat'>⁹)</span> <span class='ocrx_word' id='word_1_181' title='bbox 478 2401 602 2453; x_wconf 86' lang='lat' dir='ltr'>Orgia</span> <span class='ocrx_word' id='word_1_182' title='bbox 628 2414 734 2453; x_wconf 88' lang='lat' dir='ltr'>quae</span> <span class='ocrx_word' id='word_1_183' title='bbox 760 2401 972 2442; x_wconf 86' lang='lat' dir='ltr'>Tarentini</span> <span class='ocrx_word' id='word_1_184' title='bbox 999 2416 1036 2443; x_wconf 86' lang='lat' dir='ltr'>a.</span> <span class='ocrx_word' id='word_1_185' title='bbox 1066 2405 1141 2442; x_wconf 83' lang='lat'>282</span> <span class='ocrx_word' id='word_1_186' title='bbox 1171 2416 1206 2444; x_wconf 89' lang='lat' dir='ltr'>a.</span> <span class='ocrx_word' id='word_1_187' title='bbox 1231 2404 1329 2445; x_wconf 87' lang='lat' dir='ltr'>Chr.</span> <span class='ocrx_word' id='word_1_188' title='bbox 1347 2405 1651 2445; x_wconf 87' lang='lat' dir='ltr'>celebraverunt</span> <span class='ocrx_word' id='word_1_189' title='bbox 1670 2404 1749 2445; x_wconf 90' lang='lat' dir='ltr'>Dio</span> <span class='ocrx_word' id='word_1_190' title='bbox 1767 2405 1930 2446; x_wconf 79' lang='lat' dir='ltr'>Cassius</span> 
     </span>
     <span class='ocr_line' id='line_1_28' title="bbox 366 2466 1930 2524; baseline 0.003 -21"><span class='ocrx_word' id='word_1_191' title='bbox 366 2466 526 2504; x_wconf 85' lang='grc' dir='ltr'>Διονόσια</span> <span class='ocrx_word' id='word_1_192' title='bbox 569 2467 822 2518; x_wconf 89' lang='lat' dir='ltr'>nuncupavit</span> <span class='ocrx_word' id='word_1_193' title='bbox 864 2468 925 2520; x_wconf 89' lang='lat' dir='ltr'>(fr.</span> <span class='ocrx_word' id='word_1_194' title='bbox 967 2482 1031 2519; x_wconf 83' lang='lat'>39,</span> <span class='ocrx_word' id='word_1_195' title='bbox 1069 2471 1126 2519; x_wconf 85' lang='lat'>4).</span> <span class='ocrx_word' id='word_1_196' title='bbox 1169 2467 1251 2523; x_wconf 85' lang='lat' dir='ltr'>[Cf.</span> <span class='ocrx_word' id='word_1_197' title='bbox 1293 2471 1491 2521; x_wconf 84' lang='lat' dir='ltr'>Hesych.:</span> <span class='ocrx_word' id='word_1_198' title='bbox 1534 2473 1665 2521; x_wconf 74' lang='grc' dir='ltr'><strong><em>Δάμιια</em></strong></span> <span class='ocrx_word' id='word_1_199' title='bbox 1699 2471 1797 2523; x_wconf 60' lang='lat' dir='ltr'>&amp;optim</span> <span class='ocrx_word' id='word_1_200' title='bbox 1834 2470 1930 2524; x_wconf 75' lang='grc' dir='ltr'>παρὰ</span> 
     </span>
     <span class='ocr_line' id='line_1_29' title="bbox 364 2532 1930 2588; baseline 0.004 -19"><span class='ocrx_word' id='word_1_201' title='bbox 364 2534 595 2583; x_wconf 69' lang='grc' dir='ltr'><strong>Ταρεντίνοιςς</strong></span> <span class='ocrx_word' id='word_1_202' title='bbox 623 2532 793 2572; x_wconf 83' lang='lat' dir='ltr'>Damiae</span> <span class='ocrx_word' id='word_1_203' title='bbox 819 2535 964 2583; x_wconf 78' lang='grc' dir='ltr'>(Δαμία,</span> <span class='ocrx_word' id='word_1_204' title='bbox 984 2537 1092 2584; x_wconf 76' lang='grc' dir='ltr'>Δαμώ</span> <span class='ocrx_word' id='word_1_205' title='bbox 1118 2549 1174 2572; x_wconf 84' lang='lat'><strong><em>=</em></strong></span> <span class='ocrx_word' id='word_1_206' title='bbox 1199 2538 1364 2588; x_wconf 73' lang='grc' dir='ltr'>Δημήτηρ</span> <span class='ocrx_word' id='word_1_207' title='bbox 1371 2549 1384 2586; x_wconf 74' lang='lat'><em>3</em></span> <span class='ocrx_word' id='word_1_208' title='bbox 1412 2536 1463 2576; x_wconf 88' lang='lat' dir='ltr'>cf.</span> <span class='ocrx_word' id='word_1_209' title='bbox 1493 2535 1614 2586; x_wconf 85' lang='lat' dir='ltr'>Diels,</span> <span class='ocrx_word' id='word_1_210' title='bbox 1630 2535 1764 2587; x_wconf 85' lang='lat' dir='ltr'>Sibyll.</span> <span class='ocrx_word' id='word_1_211' title='bbox 1778 2536 1930 2576; x_wconf 80' lang='lat' dir='ltr'>Blatter</span> 
     </span>
     <span class='ocr_line' id='line_1_30' title="bbox 363 2597 1927 2652; baseline 0.003 -16"><span class='ocrx_word' id='word_1_212' title='bbox 363 2610 403 2648; x_wconf 92' lang='lat' dir='ltr'>p.</span> <span class='ocrx_word' id='word_1_213' title='bbox 420 2597 506 2650; x_wconf 74' lang='lat'><strong>45¹)</strong></span> <span class='ocrx_word' id='word_1_214' title='bbox 533 2610 645 2637; x_wconf 88' lang='lat' dir='ltr'>sacra</span> <span class='ocrx_word' id='word_1_215' title='bbox 664 2597 771 2637; x_wconf 88' lang='lat' dir='ltr'>circa</span> <span class='ocrx_word' id='word_1_216' title='bbox 795 2610 950 2637; x_wconf 90' lang='lat' dir='ltr'>annum</span> <span class='ocrx_word' id='word_1_217' title='bbox 975 2610 1048 2648; x_wconf 82' lang='lat'>272</span> <span class='ocrx_word' id='word_1_218' title='bbox 1065 2612 1103 2641; x_wconf 90' lang='lat' dir='ltr'>a.</span> <span class='ocrx_word' id='word_1_219' title='bbox 1116 2600 1211 2640; x_wconf 85' lang='lat' dir='ltr'>Chr.</span> <span class='ocrx_word' id='word_1_220' title='bbox 1225 2601 1399 2640; x_wconf 88' lang='lat' dir='ltr'>Romam</span> <span class='ocrx_word' id='word_1_221' title='bbox 1414 2601 1605 2641; x_wconf 86' lang='lat' dir='ltr'>translata</span> <span class='ocrx_word' id='word_1_222' title='bbox 1621 2613 1708 2641; x_wconf 79' lang='lat' dir='ltr'>esse</span> <span class='ocrx_word' id='word_1_223' title='bbox 1723 2601 1927 2652; x_wconf 75' lang='lat' dir='ltr'>videntur-5</span> 
     </span>
     <span class='ocr_line' id='line_1_31' title="bbox 364 2662 1928 2720; baseline 0.003 -18"><span class='ocrx_word' id='word_1_224' title='bbox 364 2662 416 2702; x_wconf 78' lang='lat' dir='ltr'>cf.</span> <span class='ocrx_word' id='word_1_225' title='bbox 439 2662 640 2713; x_wconf 87' lang='lat' dir='ltr'>Wissowa,</span> <span class='ocrx_word' id='word_1_226' title='bbox 666 2663 755 2703; x_wconf 91' lang='lat' dir='ltr'>Rel.</span> <span class='ocrx_word' id='word_1_227' title='bbox 784 2663 823 2702; x_wconf 90' lang='lat' dir='ltr'>d.</span> <span class='ocrx_word' id='word_1_228' title='bbox 852 2664 1022 2703; x_wconf 77' lang='lat' dir='ltr'>Romer¹</span> <span class='ocrx_word' id='word_1_229' title='bbox 1043 2678 1084 2716; x_wconf 91' lang='lat' dir='ltr'>p.</span> <span class='ocrx_word' id='word_1_230' title='bbox 1109 2664 1315 2720; x_wconf 80' lang='lat' dir='ltr'>216-217J.</span> <span class='ocrx_word' id='word_1_231' title='bbox 1338 2666 1401 2706; x_wconf 82' lang='lat' dir='ltr'>cf.</span> <span class='ocrx_word' id='word_1_232' title='bbox 1415 2667 1597 2718; x_wconf 86' lang='lat' dir='ltr'>Gruppe,</span> <span class='ocrx_word' id='word_1_233' title='bbox 1620 2665 1778 2706; x_wconf 87' lang='lat' dir='ltr'>Griech.</span> <span class='ocrx_word' id='word_1_234' title='bbox 1796 2667 1928 2718; x_wconf 89' lang='lat' dir='ltr'>Myth.</span> 
     </span>
     <span class='ocr_line' id='line_1_32' title="bbox 363 2727 544 2778; baseline 0.006 -12"><span class='ocrx_word' id='word_1_235' title='bbox 363 2740 404 2778; x_wconf 90' lang='lat' dir='ltr'>p.</span> <span class='ocrx_word' id='word_1_236' title='bbox 435 2727 544 2778; x_wconf 74' lang='lat'>361².</span> 
     </span>
    </p>

    <p class='ocr_par' dir='ltr' id='par_1_10' title="bbox 363 2792 1929 2971">
     <span class='ocr_line' id='line_1_33' title="bbox 416 2792 1929 2847; baseline 0.003 -15"><span class='ocrx_word' id='word_1_237' title='bbox 416 2792 614 2832; x_wconf 86' lang='lat' dir='ltr'>Consules</span> <span class='ocrx_word' id='word_1_238' title='bbox 658 2806 694 2833; x_wconf 89' lang='lat' dir='ltr'>a.</span> <span class='ocrx_word' id='word_1_239' title='bbox 743 2794 817 2832; x_wconf 86' lang='lat'>186</span> <span class='ocrx_word' id='word_1_240' title='bbox 857 2794 1127 2835; x_wconf 87' lang='lat' dir='ltr'>locutionibus</span> <span class='ocrx_word' id='word_1_241' title='bbox 1168 2796 1321 2846; x_wconf 86' lang='lat' dir='ltr'>„Bacas</span> <span class='ocrx_word' id='word_1_242' title='bbox 1360 2796 1520 2836; x_wconf 84' lang='lat' dir='ltr'>adiese”</span> <span class='ocrx_word' id='word_1_243' title='bbox 1563 2797 1759 2845; x_wconf 80' lang='lat' dir='ltr'>(Bacchas</span> <span class='ocrx_word' id='word_1_244' title='bbox 1797 2797 1929 2847; x_wconf 88' lang='lat' dir='ltr'>adire)</span> 
     </span>
     <span class='ocr_line' id='line_1_34' title="bbox 364 2857 1927 2912; baseline 0.004 -17"><span class='ocrx_word' id='word_1_245' title='bbox 364 2863 404 2896; x_wconf 90' lang='lat' dir='ltr'>et</span> <span class='ocrx_word' id='word_1_246' title='bbox 453 2857 655 2906; x_wconf 89' lang='lat' dir='ltr'>„Bacanal</span> <span class='ocrx_word' id='word_1_247' title='bbox 703 2859 889 2907; x_wconf 87' lang='lat' dir='ltr'>habere”,</span> <span class='ocrx_word' id='word_1_248' title='bbox 938 2859 1074 2899; x_wconf 89' lang='lat' dir='ltr'>Livius</span> <span class='ocrx_word' id='word_1_249' title='bbox 1119 2860 1388 2901; x_wconf 87' lang='lat' dir='ltr'>locutionibus</span> <span class='ocrx_word' id='word_1_250' title='bbox 1437 2861 1630 2912; x_wconf 85' lang='lat' dir='ltr'>„Bacchis</span> <span class='ocrx_word' id='word_1_251' title='bbox 1673 2860 1845 2902; x_wconf 83' lang='lat' dir='ltr'>initiari’·</span> <span class='ocrx_word' id='word_1_252' title='bbox 1886 2869 1927 2902; x_wconf 89' lang='lat' dir='ltr'>et</span> 
     </span>
     <span class='ocr_line' id='line_1_35' title="bbox 363 2921 1049 2971; baseline 0.006 -11"><span class='ocrx_word' id='word_1_253' title='bbox 363 2921 638 2971; x_wconf 87' lang='lat' dir='ltr'>„Baccharum</span> <span class='ocrx_word' id='word_1_254' title='bbox 667 2923 832 2963; x_wconf 87' lang='lat' dir='ltr'>habitu&#39;&#39;</span> <span class='ocrx_word' id='word_1_255' title='bbox 862 2923 923 2964; x_wconf 87' lang='lat' dir='ltr'>usi</span> <span class='ocrx_word' id='word_1_256' title='bbox 942 2932 1049 2965; x_wconf 86' lang='lat' dir='ltr'>sunt.</span> 
     </span>
    </p>
   </div>
   <div class='ocr_carea' id='block_1_8' title="bbox 417 2986 972 3041">
    <p class='ocr_par' dir='ltr' id='par_1_11' title="bbox 417 2986 972 3041">
     <span class='ocr_line' id='line_1_36' title="bbox 417 2986 972 3041; baseline 0.007 -15"><span class='ocrx_word' id='word_1_257' title='bbox 417 2986 448 3039; x_wconf 80' lang='lat'>⁸)</span> <span class='ocrx_word' id='word_1_258' title='bbox 478 2987 564 3027; x_wconf 89' lang='lat' dir='ltr'>Liv.</span> <span class='ocrx_word' id='word_1_259' title='bbox 592 2988 617 3027; x_wconf 91' lang='lat'>1.</span> <span class='ocrx_word' id='word_1_260' title='bbox 648 3001 714 3040; x_wconf 83' lang='lat'>39,</span> <span class='ocrx_word' id='word_1_261' title='bbox 739 3002 776 3029; x_wconf 93' lang='lat' dir='ltr'>c.</span> <span class='ocrx_word' id='word_1_262' title='bbox 809 3002 855 3041; x_wconf 82' lang='lat'>13</span> <span class='ocrx_word' id='word_1_263' title='bbox 885 2993 905 3037; x_wconf 71' lang='grc'>5</span> <span class='ocrx_word' id='word_1_264' title='bbox 933 3003 972 3040; x_wconf 89' lang='lat'>9.</span> 
     </span>
    </p>
   </div>
  </div>
 </body>
</html>
