2176 3450
1021 774 1290 823 CAPUT
1324 775 1376 821 11.

535 1038 607 1082 De
639 1037 746 1082 deis
778 1050 869 1093 q.s.
900 1038 1172 1086 ΕΤΚΛΗΣ,
1209 1035 1584 1085 ΕΤΒΟΤΛΕΓΣ,
1616 1037 1851 1078 ΕΡΙΦΟΣ

812 1205 841 1268 ξ
884 1218 919 1249 1.
962 1203 1034 1251 De
1066 1203 1355 1258 Jnferorum
1389 1203 1575 1266 regina.

478 1358 750 1406 Thiasotae
794 1368 895 1406 tres
936 1357 1060 1405 deos
1095 1356 1382 1405 nominatim
1417 1366 1468 1404 et
1501 1372 1676 1404 omnes
1710 1354 1833 1403 alios
1867 1370 1978 1402 con-

415 1443 612 1490 iunctim
650 1442 1002 1489 invocaverunt
1036 1440 1164 1488 hunc
1198 1440 1245 1487 in
1281 1440 1506 1487 modum:

414 1541 611 1574 carmen
647 1525 719 1572 A:
751 1531 966 1586 ’Ἔρχομαι
999 1523 1048 1571 ἐκ
1080 1527 1286 1583 κοθαρῶν
1323 1520 1514 1584 κοθαρᾶ,
1549 1526 1738 1581 χθονίων
1777 1525 1981 1581 βασίλεια

767 1607 934 1669 Εὐκλῆς
957 1604 1204 1664 Εὕβουλεὸς
1229 1625 1275 1653 τε
1300 1609 1372 1653 καὶ
1399 1605 1615 1653 ἀθάνατοι
1642 1609 1743 1652 θεοὶ
1768 1604 1906 1660 ἄλλοι,

415 1708 454 1739 c.
491 1691 529 1738 Β
565 1701 614 1739 et
649 1690 717 1738 C:
763 1690 976 1753 ’Ἔρχομαι
1008 1689 1058 1736 ἐκ
1092 1692 1302 1751 καθαρῶν
1334 1685 1531 1751 καθαρά,
1562 1690 1751 1746 χθονίων
1774 1690 1979 1746 βασίλεια

442 1762 445 1763 ⁷
766 1771 903 1820 Εὖκλε
928 1776 1000 1820 καὶ
1031 1772 1251 1830 Εὕβουλεῦ
1278 1777 1348 1819 καὶ
1377 1771 1471 1818 ὅσοι
1501 1774 1603 1818 θεοὶ
1632 1773 1835 1829 δαίμονες
1856 1770 1981 1817 ἄλλοι

415 1874 455 1904 c.
476 1857 768 1904 Romanum:
788 1849 996 1919 ’Ἔρχεται
1020 1853 1070 1902 ἐκ
1103 1858 1314 1915 καθαρῶν
1345 1851 1541 1916 καθαρά,
1562 1856 1751 1911 χθονίων
1775 1855 1980 1911 βασίλεια

796 1938 981 1992 Εὗκλεες
1005 1937 1228 1996 Εὐβουλεῖ]
1251 1950 1311 1984 τε·

480 2021 704 2083 Quorum
731 2022 890 2085 prima
920 2031 998 2069 est
1026 2024 1216 2079 χθονίων
1249 2023 1453 2079 βασίλεια
1490 2035 1617 2083 quae
1652 2017 1777 2066 infra
1796 2019 1831 2081 1)
1869 2025 1979 2082 Φερ-

415 2102 620 2167 σεφόνεια
645 2105 701 2168 (Β
726 2115 776 2153 et
799 2104 842 2152 C
871 2122 915 2152 v.
955 2117 997 2166 7,
1034 2102 1174 2151 Lam.
1210 2102 1364 2150 Thur.
1402 2102 1468 2150 IV
1504 2120 1549 2149 v.
1586 2104 1634 2165 6)
1671 2111 1723 2150 et
1755 2099 1979 2149 Δέσποινα

415 2192 460 2249 (c
496 2190 541 2235 A
576 2205 621 2235 v.
659 2189 706 2251 8)
741 2187 925 2235 dicitur.
962 2186 1188 2234 Eandem
1223 2196 1386 2234 autern
1422 2186 1568 2234 deam
1605 2183 1814 2233 formula

915 2269 993 2318 τοῖς
1020 2267 1118 2311 θεῶ
1138 2284 1163 2310 τ
1183 2282 1205 2317 ς
1227 2260 1385 2317 παιδός
1406 2263 1483 2324 ἥμι

415 2353 678 2419 significari
698 2354 811 2402 olim
832 2353 1117 2411 credebant,
1137 2369 1266 2415 quae
1285 2352 1331 2399 in
1349 2351 1527 2399 lamina
1544 2350 1720 2416 legitur
1737 2359 1979 2415 argentea

416 2453 512 2485 non
548 2437 716 2500 procul
752 2436 1047 2485 Poseidonia
1082 2452 1110 2483 e
1146 2435 1372 2498 sepulcro
1407 2434 1602 2482 effossa.

481 2519 712 2568 Welcker
725 2521 760 2583 ⁹)
782 2520 910 2567 enim
931 2519 1098 2567 literas
1114 2538 1169 2572 τς
1182 2535 1274 2582 per
1293 2517 1637 2581 compendium
1656 2532 1748 2580 pro
1766 2534 1979 2579 τρισεμνω

416 2602 606 2666 positas
641 2619 753 2650 esse
788 2602 1005 2650 coniecit.
1039 2601 1292 2650 Hofmann
1309 2604 1341 2660 ⁸)
1367 2611 1531 2648 autem
1555 2599 1807 2648 adnotavit
1830 2614 1979 2646 unam

415 2694 608 2734 tantum
648 2685 853 2744 literam,
897 2708 938 2743 α,
983 2685 1221 2733 excidisse
1256 2695 1306 2732 et
1340 2683 1418 2731 hic
1453 2700 1549 2731 non
1584 2683 1648 2730 de
1682 2681 1980 2745 Proserpina

483 2810 511 2857 1)
540 2810 602 2848 De
629 2809 872 2860 cognomine
899 2823 939 2860 q.
968 2822 1002 2849 e.
1033 2811 1203 2846 Δέσποινα
1230 2810 1281 2848 cf.
1310 2808 1525 2847 Pausanias
1554 2806 1651 2847 VIII
1680 2819 1744 2858 37,
1773 2819 1810 2857 9.

485 2874 514 2925 2)
542 2875 737 2921 Welcker,
766 2875 845 2914 Rh.
873 2875 980 2914 Mus.
1007 2874 1064 2913 111
1094 2874 1144 2920 (a.
1176 2875 1292 2925 1835)
1319 2887 1358 2925 p.
1389 2874 1480 2924 581.

483 2938 512 2987 ⁸)
539 2939 764 2989 Hofmann,
800 2939 870 2979 Gr.
906 2940 956 2978 D.
995 2939 1148 2979 Inschr.
1189 2939 1291 2987 1648
1301 2953 1312 2988 3
1349 2939 1505 2978 confert
1543 2939 1662 2976 inser.
1708 2937 1830 2987 1653:
1871 2934 1978 2986 Ἤρας

417 3003 510 3055 ἱαρός
540 3011 616 3043 etc.

2164 863 2176 882 'w
2174 742 2176 748 ..
2163 660 2176 729 «ηκ-
2156 198 2176 646 ;-,Ὴκ.μΜωώΜκη-κῃέηωτ
2154 0 2176 175 mmm}
