2176 3450
984 361 1072 409 127

242 485 443 545 „latices
486 485 740 535 simulatos
787 484 936 534 fontis
980 482 1198 533 Averni”
1249 499 1280 532 a
1332 482 1533 531 Didone
1585 482 1809 532 Hecatae

240 569 437 618 oblatos
456 571 507 633 ¹),
542 585 634 617 nec
667 585 766 617 non
801 567 971 617 Lucilii
1005 583 1222 616 versum:
1246 568 1281 630 ⁸)

341 679 716 734 „cretatumque
748 670 932 719 bovem
967 668 1060 717 duc
1093 668 1159 718 ad
1192 667 1438 733 Capitolia
1472 667 1702 733 magna.”

308 769 501 833 Quibus
533 769 890 819 substitutionis
930 769 1169 834 exemplis
1210 768 1369 818 allatis
1405 768 1676 818 concludit:
1729 769 1810 828 „A

241 852 414 902 defaut
457 853 523 902 de
561 853 648 902 lait
686 852 940 910 veritable‚
981 869 1078 901 une
1117 868 1210 902 eau
1248 851 1458 917 appelee
1492 853 1558 901 de
1593 869 1653 902 ce
1692 869 1808 901 nom

239 937 487 1002 peut-&tre
509 936 769 1002 melangee
792 937 857 985 de
882 935 1098 1001 quelque
1120 936 1385 985 substance
1407 936 1492 1001 qui
1516 935 1581 984 lui
1604 935 1812 985 donnait

239 1019 448 1085 l'aspect
485 1019 553 1068 du
594 1019 695 1078 lait‚
736 1019 938 1084 pouvait
978 1036 1041 1068 en
1081 1019 1210 1068 tenir
1249 1018 1361 1068 lieu.
1404 1018 1544 1068 C'est
1583 1019 1711 1068 dans
1750 1036 1810 1069 ce

238 1102 421 1169 liquide
460 1102 665 1168 qu’etait
703 1103 888 1169 plonge
927 1102 975 1152 le
1015 1103 1246 1152 candidat
1283 1103 1316 1152 a
1348 1102 1639 1163 l'initiation3
1677 1113 1810 1153 cette

238 1186 519 1235 immersion
548 1186 776 1236 achevait
803 1203 866 1236 en
893 1186 957 1235 lui
986 1185 1138 1235 l’effet
1165 1186 1485 1250 purificateur
1511 1186 1603 1236 des
1635 1197 1807 1236 autres

239 1269 568 1328 ceremonies3
597 1279 649 1318 et
671 1286 735 1318 en
759 1270 989 1318 souvenir
1016 1269 1082 1318 du
1112 1270 1347 1334 bapteme
1373 1269 1517 1328 lacte,
1548 1270 1578 1319 il
1607 1271 1812 1335 pouvait

239 1353 344 1402 dire
377 1352 658 1401 hardiment
685 1370 749 1401 en
777 1339 1079 1402 s’adressant
1108 1369 1203 1402 aux
1232 1353 1379 1402 dieux
1408 1352 1679 1412 infernaux‚
1710 1371 1807 1403 non

238 1436 379 1501 point
413 1452 505 1501 par
538 1435 713 1500 simple
748 1436 941 1485 artifice
974 1436 1040 1485 de
1075 1434 1217 1500 style,
1246 1436 1371 1485 mais
1399 1453 1462 1485 en
1491 1446 1705 1501 prenant
1735 1437 1811 1487 les

238 1530 370 1568 mots
402 1519 530 1568 dans
562 1529 670 1568 tout
698 1518 805 1568 leur
833 1519 967 1568 force
996 1518 1268 1568 materielle
1295 1530 1347 1568 et
1374 1519 1565 1569 rituelle
1602 1521 1677 1585 »Je
1707 1521 1811 1570 suis

240 1602 414 1652 tombe
447 1602 574 1651 dans
608 1602 656 1652 le
690 1602 854 1652 lait‹.’'

304 1685 397 1735 Cui
432 1686 686 1751 interpreti
720 1686 761 1735 si
794 1685 1132 1751 astipulamur,
1166 1686 1443 1736 faciendum
1478 1698 1555 1737 est
1594 1699 1806 1753 mystam

238 1768 511 1819 Thurinum
546 1769 712 1819 dicere
745 1785 802 1818 se
837 1786 900 1818 ex
929 1768 1066 1818 lactis
1094 1770 1395 1835 baptismate
1421 1782 1648 1821 renatum
1677 1789 1806 1822 esse.

238 1851 322 1902 Sic
348 1852 514 1902 dicunt
526 1854 560 1917 ⁸)
591 1851 779 1901 Heram
808 1851 1049 1918 Naupliae
1076 1853 1123 1902 in
1149 1852 1287 1902 fonte
1311 1870 1359 1918 q.
1379 1854 1427 1903 d.
1450 1852 1664 1911 Κάναθος
1699 1856 1810 1905 xmo?

238 1930 334 1986 ἔτος
355 1932 564 1994 λουμένην
588 1932 815 1993 παρθένον
837 1932 1056 1991 γενέσθαι.

307 2088 336 2134 ¹)
364 2089 485 2140 Verg.
514 2089 619 2128 Aen.
647 2088 717 2136 IV,
746 2099 838 2139 5¹2·

305 2153 335 2200 ⁹)
358 2155 504 2205 Juveu.
532 2154 585 2203 X,
614 2155 683 2205 65:

505 2219 616 2259 Pone
644 2217 755 2258 domi
782 2218 930 2267 laurus,
957 2218 1038 2258 duc
1065 2218 1107 2258 iu
1135 2219 1335 2271 Capitolia
1362 2233 1558 2273 magnum

502 2291 783 2335 cretatumque
808 2284 967 2335 bovem,
995 2291 1072 2325 etc.

237 2349 369 2390 Schol.
392 2349 549 2390 confert
571 2348 712 2389 Lucilii
734 2361 912 2389 versumt
942 2357 1250 2403 „cretatumque
1275 2351 1421 2392 bovem
1439 2353 1521 2392 duc
1540 2353 1594 2392 ad
1611 2353 1811 2405 Capitolia

238 2413 412 2466 magua”
440 2413 581 2465 (Diels,
609 2414 824 2454 Poetarum
851 2415 971 2455 Rom.
1001 2422 1079 2456 vet.
1109 2416 1192 2466 rel„
1220 2417 1267 2457 fr.
1297 2420 1406 2468 552).

303 2479 334 2525 ¹)
359 2479 576 2520 Pausanias
602 2480 653 2528 11,
681 2479 746 2531 38,
776 2493 820 2530 23
849 2479 998 2520 deiude
1024 2480 1178 2533 pergit:
1204 2481 1302 2525 οὗτος
1329 2481 1391 2533 μὲν
1409 2481 1454 2523 &a
1471 2496 1585 2533 σφισιν
1601 2484 1636 2521 kx
1654 2485 1808 2535 τελετῆς,

238 2544 277 2585 ἦν
303 2543 427 2595 ἄγουσι
453 2543 501 2590 (οἱ
526 2544 686 2597 Ἀργιίοι)
710 2549 753 2593 τῇ
779 2544 885 2598 Ἤρᾳ,
913 2544 1012 2596 λόγος
1037 2552 1105 2584 τῶν
1131 2547 1331 2599 ἀπορρήτων
1357 2549 1470 2588 tortu!
1491 2548 1672 2589 Reinach
1694 2549 1809 2591 Plinii

237 2622 402 2662 quoque
427 2610 562 2650 locum
589 2609 731 2650 recitat
757 2610 809 2650 de
837 2610 1026 2663 Poppaea
1051 2611 1118 2658 (N.
1148 2613 1204 2653 H.
1233 2613 1304 2662 xl,
1327 2613 1395 2665 96)
1411 2626 1518 2665 quae
1537 2614 1809 2666 „quingentas

237 2686 376 2715 secum
403 2687 475 2727 per
500 2674 639 2715 omnia
665 2676 827 2715 trahens
844 2676 970 2716 foetas
988 2676 1149 2724 (asinas)
1167 2677 1401 2718 balnearum
1420 2678 1541 2719 etiam
1559 2679 1658 2720 solio
1676 2688 1808 2721 totum

236 2752 383 2793 corpus
409 2739 476 2780 illo
497 2740 601 2781 lacte
628 2741 870 2790 macerabat,
897 2741 1061 2782 extendi
1087 2755 1253 2795 quoque
1279 2752 1415 2784 cutem
1443 2744 1651 2786 credens.”
1690 2746 1808 2796 Quae

237 2805 413 2846 narratio
439 2804 475 2845 ei
517 2804 676 2846 videtur
716 2819 804 2846 esse
840 2819 922 2855 „uu
965 2807 1223 2860 temoiguage
1264 2809 1432 2862 antique
1473 2810 1544 2862 qui
1586 2818 1732 2851 attente
1770 2812 1809 2852 la

237 2882 436 2922 croyance
470 2871 497 2911 a
531 2871 571 2911 la
603 2878 719 2912 vertu
760 2871 1051 2923 raJeuuissaute
1087 2873 1159 2914 dee
1195 2874 1311 2914 baius
1338 2874 1391 2915 de
1417 2875 1525 2922 lait.”
1553 2876 1626 2916 ned
1654 2889 1704 2916 ex
1731 2877 1808 2918 hoc

237 2934 338 2985 loco,
367 2948 433 2976 me
458 2935 604 2986 iudice,
631 2943 792 2977 tautum
818 2946 986 2990 apparet
1013 2938 1243 2991 Poppaeam
1270 2940 1488 2980 credidisse
1515 2941 1718 2982 asinarum
1746 2943 1809 2983 lac

238 3000 292 3041 ad
318 3000 658 3053 pulchritudinem
685 3002 935 3043 reddendam
963 3003 1176 3055 proficere.
