2176 3450
984 405 1038 452 31

231 529 594 586 attribueretur,
623 527 704 592 qui
732 527 995 592 quotannis
1025 526 1071 574 in
1103 527 1287 575 Orcum
1313 527 1641 576 descenderet
1666 527 1798 576 unde

232 629 322 662 suo
358 622 583 676 ternpore
617 611 862 659 redivivus
895 619 1241 659 reverteretur.

296 694 441 758 Quae
488 694 695 743 nominis
739 693 946 751 tralatio,
988 693 1180 742 etiamsi
1227 694 1363 758 quod
1402 693 1467 742 ad
1501 692 1797 758 hymnorum

232 778 565 843 Orphicorum
605 787 836 841 tempora
871 777 1015 825 statui
1050 793 1149 825 non
1185 777 1357 841 possit,
1392 793 1484 841 pro
1518 787 1654 826 certo
1689 793 1799 825 con·

232 871 366 910 stare
399 861 595 909 videtur
628 870 899 924 propterea
934 860 1068 924 quod
1103 877 1132 908 e
1167 877 1330 908 rerum
1360 870 1532 908 natura
1551 869 1630 909 est
1646 860 1800 924 patris

232 961 413 994 nomen
458 943 658 992 labente
702 953 932 1007 tempore
978 943 1043 991 ad
1089 942 1237 991 filium
1272 942 1541 1000 transferri,
1577 959 1675 992 non
1713 942 1800 991 filii

233 1044 414 1076 nomen
448 1027 555 1075 vice
589 1043 734 1075 versa
768 1026 894 1090 patri
929 1026 1139 1074 attribui.

297 1109 434 1176 Ergo
452 1110 517 1158 de
531 1109 841 1174 Hymnorum
857 1108 1190 1174 Orphicorum
1210 1120 1438 1175 tempore
1456 1111 1501 1159 in
1521 1110 1798 1159 universum

231 1209 387 1258 agere
410 1192 528 1241 mihi
553 1209 650 1241 non
677 1209 803 1256 opus
827 1202 904 1241 est
929 1202 980 1241 et
1003 1203 1167 1241 statuo
1192 1193 1238 1241 in
1263 1192 1458 1242 laminis
1487 1193 1667 1242 nostris
1701 1209 1800 1241 non

234 1275 438 1339 Dionysi
474 1292 749 1340 cognomen
773 1275 871 1340 legi
889 1276 981 1323 sed
998 1275 1248 1323 dominum
1268 1275 1504 1324 Orcinum
1523 1275 1798 1342 significari.

232 1359 441 1423 Gruppii
487 1359 636 1423 igitur
682 1358 955 1407 sententiae
990 1358 1103 1406 nihil
1143 1359 1238 1407 iarn
1275 1358 1517 1423 reliquum
1552 1368 1630 1408 est
1663 1358 1800 1423 quod

232 1442 479 1507 praesidio
524 1458 638 1490 esse
684 1441 867 1505 possit3
912 1441 1074 1489 adhuc
1120 1442 1248 1490 enirn
1294 1442 1474 1490 desunt
1507 1452 1801 1508 argumenta

232 1525 408 1590 quibus
431 1525 741 1574 confirmetur
758 1525 804 1572 in
826 1524 990 1573 ltaliae
1009 1524 1340 1573 meridionalis
1357 1524 1600 1574 thiasotas
1619 1525 1800 1574 cadere

231 1608 346 1657 illud
380 1607 615 1657 Heracliti
649 1607 821 1671 (Diels,
858 1607 935 1655 Fr.
972 1607 1062 1656 der
1096 1607 1156 1655 V.
1193 1608 1212 1655 1
1246 1625 1293 1672 p.
1331 1609 1408 1666 81,
1444 1608 1500 1658 fr.
1545 1618 1620 1670 15)
1663 1609 1802 1664 ώυτὸς

231 1692 282 1740 δὲ
307 1692 464 1755 Ἀίδης
487 1695 559 1739 καὶ
583 1689 794 1746 Διόνυσος
819 1691 947 1739 ὅτεωι
970 1695 1195 1749 μαίνονται
1218 1696 1291 1740 καὶ
1315 1695 1602 1755 ληναΐζουσιν.

660 1919 691 1982 g
728 1933 770 1979 3.
808 1917 886 1965 De
918 1917 1000 1966 deo
1033 1934 1077 1981 q.
1112 1934 1148 1966 e.
1189 1917 1365 1973 Εὕκλῦς.

299 2065 397 2114 lam
417 2065 673 2114 videamus
692 2082 839 2130 quem
857 2065 1006 2114 deum
1023 2065 1269 2114 thiasotae
1286 2083 1383 2115 una
1401 2083 1510 2115 curn
1529 2066 1800 2116 Inferorum

234 2165 356 2215 rege
390 2158 442 2198 et
475 2148 650 2214 regina
684 2148 1042 2207 invocaverint,
1080 2149 1356 2198 nominatus
1391 2149 1467 2198 hic
1502 2160 1579 2199 est
1623 2151 1801 2215 Εὐκλῆς.

234 2230 349 2294 Quo
372 2232 571 2281 nomine
590 2231 776 2281 Orcum
796 2231 1059 2298 significari
1076 2232 1227 2299 vulgo
1246 2233 1471 2283 sumitur:
1494 2233 1748 2284 Hofmann
1766 2236 1800 2299 l)

235 2314 332 2364 iam
378 2315 632 2364 adnotavit
682 2314 846 2363 Εὐκλέα
888 2315 1101 2364 eundern
1147 2332 1206 2364 ac
1253 2313 1477 2376 Κλύμενον
1525 2334 1653 2375 esse,
1701 2334 1801 2382 quo

237 2398 435 2447 nomine
454 2397 615 2447 Orcus
633 2398 831 2462 saepius
847 2397 1203 2463 appellabatur.
1228 2398 1448 2459 Crusius,
1460 2403 1494 2464 ⁹)
1513 2400 1799 2460 Buecheler,

237 2480 487 2531 Dieterich
513 2498 605 2530 nos
639 2481 703 2530 ad
740 2481 974 2546 Hesychii
1008 2481 1261 2547 glossema
1296 2482 1522 2548 relegant
1555 2484 1689 2548 quod
1724 2495 1801 2534 est

307 2653 336 2703 1)
366 2653 591 2702 Hofmann,
620 2653 672 2693 ad
700 2666 823 2693 carm.
842 2655 879 2693 Α
907 2666 943 2692 ν.
965 2667 1008 2693 2:
1028 2655 1156 2697 Εὐκλῆς
1176 2653 1240 2703 ist,
1261 2655 1335 2694 wie
1348 2667 1420 2694 aus
1435 2655 1528 2695 dem
1542 2657 1802 2697 Zusammen-

237 2718 369 2770 hange
405 2719 654 2771 hervorgeht,
682 2719 772 2758 sehr
800 2719 1127 2759 wahrscheinlich
1155 2719 1220 2759 ein
1253 2720 1421 2760 Beiwort
1450 2721 1521 2761 des
1550 2722 1687 2762 Hades
1716 2723 1800 2763 und

236 2782 458 2835 enupricht
498 2784 555 2823 als
594 2784 748 2824 solches
790 2785 884 2824 dem
920 2784 1223 2835 gewohnlichen
1263 2787 1456 2837 Κλύμενος;
1484 2787 1536 2826 cs.
1563 2787 1731 2827 Scherer
1757 2788 1798 2828 in

236 2848 428 2888 Roscheri
467 2848 615 2889 Lexico
655 2862 687 2889 ι.
715 2863 752 2889 ν.
795 2850 932 2889 Hades
959 2863 1001 2901 p.
1034 2851 1155 2900 1784:
1197 2852 1365 2900 ,AEbxkfiffi
1393 2852 1561 2892 welcher
1590 2854 1720 2893 Name
1746 2867 1798 2894 an

236 2913 316 2952 den
344 2913 563 2953 Beinamen
592 2915 663 2954 des
693 2915 834 2955 Hades
863 2916 1035 2965 Κλύμινος
1063 2915 1278 2956 erinnert.”

304 2977 334 3025 ἵ)
360 2978 538 3028 Crusius,
566 2979 607 3019 in
634 2980 827 3020 Roscheri
855 2981 1005 3020 Lexico
1032 2994 1062 3020 ο.
1078 2994 1115 3020 v.
1145 2982 1289 3021 Eucles
1311 2995 1352 3032 p.
1371 2995 1486 3030 ¹400·
1502 3006 1552 3013 -
1569 2983 1799 3035 Buecheler,

238 3042 314 3082 Rh.
344 3044 450 3084 Mus.
483 3046 578 3084 1881
611 3059 650 3097 p.
680 3046 840 3097 332s33.
872 3068 922 3075 —
952 3045 1167 3086 Dieterich.
1196 3047 1261 3085 xl.
1290 3046 1487 3087 Schriften
1517 3061 1557 3099 p.
1587 3062 1651 3100 94.
