2176 3450
1104 364 1195 398 110

441 492 509 556 In,
529 491 686 540 sacris
717 490 935 554 Magnae
966 486 1186 536 Matris:
1205 487 1240 549 ¹)

877 605 1144 655 sacrandus
1177 603 1355 668 accipit
1388 602 1736 669 sphragitidas.

568 693 704 740 Acus
737 690 945 738 minutas
978 688 1206 752 ingerunt
1239 684 1561 737 fornacibus?

568 775 642 822 his
676 773 898 821 membra
931 779 1146 835 pergunt
1178 785 1337 827 urere,
1373 778 1427 816 ut
1459 768 1720 834 igniverint
1730 768 1797 832 (i),

566 871 926 921 quamcumque
959 862 1153 918 partem
1188 852 1408 916 corporis
1443 851 1640 902 fervens
1674 861 1792 902 nota

568 938 824 1005 stigmarit,
860 937 988 985 hanc
1023 937 1092 984 sic
1125 944 1464 985 consecratam
1499 935 1800 1000 praedicant.

436 1061 489 1110 In
538 1056 924 1108 Bacchanalibus
972 1055 1167 1103 Romae
1218 1054 1352 1102 initio
1403 1053 1587 1103 saeculi
1637 1053 1675 1102 ΙΙ
1725 1071 1771 1104 a.
1817 1053 1933 1106 Chr.

372 1142 630 1193 celebratis
649 1142 684 1201 ⁸)
734 1139 939 1189 caedem
992 1137 1267 1186 simulatam
1317 1155 1430 1186 esse
1480 1137 1584 1187 veri
1635 1137 1791 1188 simile
1841 1147 1936 1189 est.

371 1226 523 1289 Quod
557 1224 714 1273 nullus
747 1222 947 1288 quidem
983 1221 1237 1270 historicus
1270 1230 1444 1285 aperte
1478 1221 1807 1286 pronuntiavit
1828 1220 1934 1282 sed,

373 1310 460 1359 nisi
511 1307 676 1357 omnia
726 1323 806 1354 me
857 1305 1041 1363 fallunt,
1092 1304 1312 1368 sequitur
1363 1321 1426 1352 ex
1475 1303 1598 1352 Livii
1639 1304 1933 1365 narratione,

372 1393 455 1458 qui
494 1390 677 1440 rettulit
709 1390 756 1437 in
790 1387 1172 1437 Bacchanalibus
1205 1387 1431 1436 homines
1465 1387 1789 1452 interemptos
1821 1404 1936 1438 esse

373 1476 470 1535 „ita
519 1483 574 1522 ut
624 1490 687 1521 ne
721 1488 933 1536 corpora
983 1471 1181 1535 quidem
1232 1470 1478 1519 interdum
1527 1470 1593 1519 ad
1632 1470 1936 1535 sepulturam

370 1556 666 1609 exstarent”.
689 1556 724 1620 ⁸)
757 1555 892 1604 Idem
920 1564 1085 1603 autem
1105 1553 1291 1602 addidit
1309 1563 1394 1613 „ut
1411 1554 1616 1619 quisque
1633 1553 1937 1604 introductus

439 1725 471 1778 ,1)
497 1725 601 1764 Sunt
641 1735 778 1762 versus
816 1720 1037 1768 Prudentii,
1075 1719 1416 1771 Philostephanon
1456 1721 1509 1770 X,
1554 1721 1656 1771 1076
1696 1733 1800 1773 seq.=

583 1806 695 1858 quid,
722 1818 817 1845 cum
845 1804 1062 1844 sacrandus
1090 1802 1236 1855 accipit
1262 1802 1530 1855 sphragitidas
1543 1805 1562 1843 ?
1590 1811 1668 1845 etc.

371 1890 531 1931 Deinde
556 1896 678 1941 poeta
703 1887 835 1940 pergit
853 1888 963 1927 hunc
988 1887 1031 1926 in
1062 1887 1256 1927 modum:

585 1975 790 2014 Functum
817 1972 966 2012 deinde
991 1985 1086 2012 cum
1112 1971 1271 2024 reliquit
1296 1970 1471 2023 spiritus,

585 2046 626 2078 et
652 2038 705 2077 ad
731 2038 960 2089 sepulcrum
987 2049 1138 2089 pompa
1165 2038 1290 2077 fertur
1316 2036 1507 2087 funebris,
1535 2043 1614 2077 etc.

371 2129 421 2169 cf.
451 2127 667 2178 Dieterich,
694 2127 760 2167 1.l.
786 2140 826 2178 p.
859 2127 946 2177 165.

439 2205 471 2255 ⁸)
498 2206 561 2244 De
587 2203 902 2244 Bacchanalibus
929 2203 1065 2243 Livius
1092 2202 1261 2255 scripsit,
1288 2204 1314 2244 l.>
1344 2216 1408 2255 39,
1425 2216 1461 2244 c.
1477 2203 1624 2254 8—19.
1651 2204 1809 2243 Romae
1824 2215 1935 2244 anno

375 2271 450 2309 186
490 2283 528 2310 a.
568 2270 665 2310 Chr.
693 2268 1071 2308 »Bacchanaliorum
1099 2269 1247 2308 scelera
1271 2269 1449 2309 Aebutio
1474 2269 1654 2321 quodam
1679 2268 1937 2310 adolescente

372 2335 578 2375 deferente
619 2335 780 2374 detecta
822 2341 940 2374 sunt«
980 2333 1116 2386 (Firm.
1158 2335 1333 2375 Matem.
1369 2335 1433 2374 De
1459 2335 1604 2374 Errore
1628 2334 1734 2374 Prof.
1761 2333 1852 2375 Rel.
1879 2334 1936 2386 6),

371 2401 443 2440 sed
483 2407 583 2440 tunc
621 2399 702 2439 iam
743 2399 814 2438 diu
852 2398 895 2438 in
935 2400 1034 2438 urbe
1060 2399 1260 2440 celebrata
1286 2407 1413 2440 erant.
1440 2399 1694 2452 Augustinus
1720 2398 1830 2439 enim
1855 2398 1937 2452 (De

371 2465 546 2505 Civitate
572 2465 661 2512 Dei,
689 2465 713 2505 1.
741 2465 891 2514 XVIII,
918 2478 955 2504 c.
987 2467 1052 2516 13)
1078 2464 1254 2516 scripsit:
1271 2465 1346 2505 -cle
1358 2463 1671 2505 Bacchanalium
1683 2463 1937 2516 turpitudine

361 2536 461 2582 post
496 2536 581 2570 tam
610 2531 759 2569 multos
782 2542 913 2569 annos
937 2529 1109 2570 Senatus
1135 2529 1193 2570 sic
1220 2529 1393 2581 erubuit,
1421 2538 1467 2570 ut
1492 2529 1536 2570 in
1564 2531 1663 2570 urbe
1687 2531 1823 2571 Roma
1848 2541 1937 2570 esse

371 2594 635 2647 prohiberem
664 2602 704 2634 et
732 2595 773 2646 (1.
800 2595 864 2644 Vl,
893 2608 928 2634 c.
958 2597 1018 2647 9):
1048 2594 1137 2635 »Sic
1164 2595 1430 2635 Bacchanalia
1455 2608 1614 2635 summa
1629 2595 1937 2635 celebrabantur

371 2659 528 2699 insania
554 2659 623 2699 ubi
662 2661 791 2699 Varro
829 2659 916 2711 ipse
955 2661 1171 2700 confitetur
1209 2673 1234 2700 a
1273 2660 1571 2701 Bacchantibus
1610 2659 1705 2701 talia
1737 2658 1824 2700 fieti
1849 2670 1935 2700 11011

372 2724 549 2776 potuisse
589 2724 666 2764 nisi
706 2732 843 2764 mente
881 2733 1098 2765 commota.
1141 2727 1255 2765 Haec
1295 2733 1432 2766 tamen
1462 2731 1604 2777 postea
1645 2724 1937 2776 displicuerunt

372 2789 529 2830 senatui
568 2788 715 2829 saniori
754 2797 795 2830 et
835 2803 883 2829 ea
921 2789 1035 2829 iussit
1068 2790 1227 2831 auferri.
1254 2790 1410 2831 Saltem
1437 2792 1507 2830 hic
1534 2790 1696 2830 tandem
1723 2794 1937 2830 senserunt

372 2853 473 2906 quid
497 2853 697 2894 immundi
724 2854 896 2906 spiritus,
924 2855 1024 2894 dum
1045 2867 1120 2907 pro
1134 2854 1209 2895 diis
1224 2856 1435 2906 habentur,
1449 2855 1492 2896 in
1506 2854 1716 2895 hominum
1729 2851 1938 2895 mentibus

372 2918 563 2971 possint«
592 2919 657 2960 Cf.
684 2920 816 2960 Valer.
844 2921 954 2960 Max.
983 2921 1008 2960 1.
1035 2921 1067 2969 Ι,
1094 2933 1130 2961 c.
1160 2933 1197 2972 3,
1224 2924 1245 2969 ς
1276 2934 1310 2961 1.

441 2996 474 3047 ⁸)
501 2995 649 3047 Livius,
671 2997 724 3036 1.1.
751 3010 787 3036 c.
817 2997 853 3047 8,
881 3001 901 3045 5
930 2998 968 3038 8.
