2176 3450
974 386 1031 434 25

218 511 502 570 obtinuisse,
546 521 714 559 tamen
766 509 1040 558 cavendum
1092 519 1170 557 est
1220 525 1282 557 ne
1332 509 1596 558 barbaram
1641 508 1786 557 istam

218 594 469 643 hominum
504 611 614 643 curn
650 594 757 642 deis
787 592 1066 641 commercii
1103 591 1313 640 sormam
1332 609 1440 640 cum
1460 592 1784 640 thiasotarum

218 693 358 726 more
408 677 475 726 ita
524 676 768 734 conferas,
822 687 873 724 ut
923 675 1195 724 contendas
1247 676 1502 723 ambarum
1536 675 1783 723 actionum

217 760 434 825 speciem
480 760 679 825 quidem
725 759 970 808 diversam
1005 759 1096 807 sed
1132 759 1342 807 eandem
1377 775 1492 807 esse
1527 758 1783 806 rationem.

219 842 382 892 Getae
433 844 563 892 enim
615 844 862 892 hominem
914 842 1234 891 immolabant
1284 842 1364 906 qui
1410 842 1603 890 nuntius
1637 841 1785 890 deum

218 927 378 976 adiret
411 927 544 975 cuius
579 926 702 975 iram
738 936 898 975 morte
932 942 1021 974 sua
1055 925 1273 990 placaret
1284 928 1333 986 ¹),
1366 942 1476 973 cum
1496 942 1558 973 ex
1579 922 1786 973 Diodori

218 1019 270 1059 et
313 1009 561 1059 Iamblichi
606 1010 727 1059 locis
772 1026 922 1074 supra
967 1009 1125 1058 allatis
1176 1018 1387 1073 apparet
1437 1008 1783 1073 Pythagoreos

218 1093 300 1157 qui
335 1093 449 1142 olim
495 1094 659 1143 literas
704 1093 906 1142 mortuis
949 1092 1225 1150 tradebant,
1273 1091 1366 1141 hos
1413 1102 1637 1140 mortuos
1682 1107 1782 1139 non

217 1186 471 1241 tamquam
507 1177 702 1225 nuntios
736 1178 800 1225 ad
834 1177 983 1225 deum
1019 1175 1282 1240 quemdam
1318 1175 1511 1223 misisse
1545 1174 1679 1223 cuius
1718 1173 1789 1222 ira

219 1259 509 1325 placaretur,
545 1260 636 1309 sed
671 1260 761 1309 has
796 1259 959 1307 literas
993 1258 1039 1307 in
1078 1259 1294 1323 ipsorum
1319 1268 1624 1307 mortuorum
1646 1273 1788 1306 usum

219 1344 521 1408 compositas
564 1344 867 1407 traditasque
912 1359 1040 1391 esse.
1092 1342 1186 1390 Vix
1232 1352 1399 1391 autem
1451 1341 1790 1390 controversia

219 1443 332 1476 esse
384 1436 563 1491 potest,
616 1427 732 1491 quin
780 1443 842 1475 ex
889 1426 983 1474 isto
1029 1425 1282 1474 literarum
1331 1442 1419 1473 usu
1466 1425 1790 1474 thiasotarum

219 1509 527 1559 consuetudo
561 1510 774 1558 deducta
805 1509 882 1567 sit,
902 1509 982 1573 qui
1002 1508 1255 1574 religionis
1273 1525 1394 1557 suae
1414 1516 1787 1556 monumentum

219 1609 385 1642 secum
420 1592 664 1657 sepultum
699 1592 954 1641 voluerint.

286 1675 537 1741 Paulisper
570 1676 871 1725 substitimus
905 1676 950 1724 in
970 1693 1038 1733 re,
1058 1692 1187 1740 quae
1206 1674 1319 1723 licet
1337 1674 1534 1722 minoris
1553 1673 1789 1730 momenti

221 1775 334 1808 esse
369 1759 604 1818 videatur,
640 1759 806 1808 omino
842 1776 938 1808 non
974 1759 1112 1824 parvi
1148 1758 1376 1807 facienda
1405 1768 1501 1816 est3
1532 1774 1624 1822 pro
1648 1768 1787 1806 certo

221 1843 349 1891 enim
368 1853 588 1892 statuere
607 1859 733 1891 nunc
762 1859 1023 1907 possumus
1046 1841 1245 1891 sodales
1269 1841 1434 1890 Italiae
1458 1840 1791 1889 meridionalis

221 1925 314 1974 hac
359 1926 406 1974 in
451 1942 506 1975 re
551 1943 715 1990 neque
763 1925 1041 1991 Aegyptios
1090 1942 1253 1989 neque
1300 1923 1546 1989 Orphicos
1591 1933 1791 1972 secutos

222 2025 336 2058 esse
370 2009 461 2058 sed
496 2026 686 2058 morem
722 2009 1087 2074 Pythagoreum
1123 2008 1376 2057 celebrare
1411 2007 1704 2072 perrexisse.

294 2170 323 2223 1)
352 2172 477 2211 Recte
496 2171 731 2211 Plutarchus
750 2171 825 2210 hoc
854 2171 906 2210 de
932 2170 1045 2209 cultu
1073 2169 1241 2209 rettulit:
1264 2169 1428 2209 Galatas
1451 2177 1490 2208 et
1511 2168 1679 2219 Scythas
1698 2168 1791 2211 θεοὺς

222 2234 306 2274 εἶναι
332 2239 478 2287 νομίζιιν
505 2238 691 2288 χαίροντας
717 2238 901 2288 ἀνθρώπων
929 2237 1165 2285 σφαττομένων
1199 2236 1325 2285 αἰμασι
1361 2235 1428 2281 (de
1465 2233 1675 2285 Superstit.
1715 2239 1792 2286 12).

223 2301 333 2352 Quid
368 2303 479 2354 quod
513 2301 619 2341 idem
656 2315 738 2341 uno
767 2312 906 2341 tenore
933 2300 1080 2352 pergit:
1109 2303 1152 2338 Τι’
1178 2299 1217 2337 δι
1244 2299 1494 2352 Καρχηδονίοις
1524 2302 1583 2337 οὐκ
1610 2299 1791 2336 ἐλυσιτέλει

227 2370 367 2420 Κριτίαν
395 2368 559 2418 λαβοῦσιν
604 2367 624 2407 ἦ
672 2367 842 2419 Διαγόραν
886 2368 1066 2417 νομοθέτην
1101 2367 1163 2403 ἀπ’
1199 2368 1324 2418 ἀρχῆς,
1360 2370 1445 2416 μήτι
1479 2365 1557 2402 τινὰ
1591 2367 1672 2402 θεῶν
1707 2368 1793 2415 μήτε

223 2431 394 2483 δαιμόνων
421 2435 580 2484 νομίζειν,
608 2432 628 2469 ἦ
655 2438 798 2470 τοιαῦτα
824 2435 924 2477 θύειν,
953 2431 1007 2469 οἷα
1037 2438 1086 2481 τῷ
1119 2432 1237 2483 Κρόνῳ
1269 2430 1384 2481 ἔθυον;
1422 2431 1603 2470 Profecto
1638 2430 1714 2470 hoc
1748 2429 1790 2469 in

226 2507 414 2550 promptu
451 2508 535 2538 erat
571 2498 803 2547 Zalmoxim,
842 2498 1081 2548 Scytharum
1118 2498 1253 2546 deum,
1283 2497 1413 2548 Κρόνου
1442 2495 1607 2535 nomine
1635 2507 1792 2535 ornare.
