2176 3450
995 402 1084 450 147

255 522 459 577 α’νάδεσις
492 526 565 571 καὶ
600 517 857 581 στεμμάτων
892 520 1123 575 ἐπίθεσις.
1140 558 1150 567 .
1166 557 1176 567 .
1192 559 1203 567 .
1252 522 1431 581 πέμπτη
1462 521 1513 567 δὲ
1538 517 1566 581 ἦ
1591 518 1642 577 ἐξ
1681 517 1825 566 αὐτῶν

257 605 564 665 περιγενομένῃ
599 601 709 649 naui
731 600 782 649 τδ
805 603 1018 661 θεοφιλὲς
1039 603 1113 648 καὶ
1137 606 1266 654 θεοῖς
1288 602 1532 647 amotam»
1556 597 1826 657 εὐδαιμονία.

321 688 495 751 Mystis
544 686 772 736 Thurinis
822 685 986 735 divina
1042 685 1349 735 consuetudo
1404 684 1624 750 contigit,
1680 683 1825 732 cuius

255 770 440 837 gaudia
482 770 639 834 „rapti
678 787 709 819 a
743 769 868 818 diis-’⁸
914 778 1304 833 expectaverunt
1337 767 1534 832 quidem
1571 765 1825 832 supplices

257 853 601 918 Proserpinam
635 862 864 902 orantes:

374 937 543 994 „mitte
576 937 837 985 beatorum
871 952 952 984 me
986 935 1051 985 ad
1084 935 1232 984 sedes
1265 946 1432 984 mente
1465 933 1712 1001 benigna”

257 1020 349 1069 sed
393 1023 542 1087 ἔριφοι
587 1019 967 1084 praeripuerunt
1010 1016 1280 1082 ἐριφιήματα
1319 1018 1562 1077 exsecuti,
1603 1017 1827 1067 Theonis

257 1102 538 1168 catalogum
601 1119 713 1151 cum
769 1103 984 1151 carmine
1034 1101 1236 1166 supplici
1292 1101 1377 1166 qui
1434 1101 1627 1150 confert
1683 1100 1827 1150 facile

258 1186 497 1251 intellegit
527 1185 779 1234 Thurinae
805 1183 1010 1248 μυήσεως
1038 1185 1222 1233 initium
1252 1182 1487 1246 καθαρμόν
1517 1193 1569 1233 et
1596 1194 1826 1249 mystam,

257 1269 394 1319 cuius
438 1268 600 1318 anima
643 1269 778 1317 venit
823 1268 873 1316 ἐκ
897 1272 1108 1331 καθαρῶν
1133 1265 1330 1331 καθαρά,
1366 1284 1465 1316 non
1500 1267 1658 1317 solum
1693 1268 1825 1333 pium

258 1353 350 1402 sed
384 1353 532 1401 etiam
566 1351 817 1416 expiatum
850 1353 1208 1414 (κεκαθαρμένον)
1246 1349 1408 1400 fuisse.

323 1625 633 1690 Propositum
669 1624 783 1673 mihi
805 1634 913 1673 erat
936 1624 1000 1673 de
1023 1623 1205 1673 lamina
1225 1623 1448 1673 Thurina
1470 1626 1643 1690 prima,
1672 1626 1828 1676 altera

258 1709 421 1767 tertia,
474 1708 815 1772 Proserpinae,
865 1707 1089 1769 Euc(u)li,
1141 1707 1397 1766 Euboulei,
1448 1707 1618 1774 Eriphi
1669 1709 1830 1760 cultus

259 1792 588 1841 monumentis
633 1808 787 1857 agere
834 1792 901 1840 ita
940 1801 994 1840 ut
1027 1801 1376 1856 exponeretur,
1423 1791 1623 1857 quinam
1663 1793 1712 1841 hi
1747 1794 1828 1843 dei

260 1875 454 1934 suerint,
479 1892 510 1924 a
533 1875 709 1940 quibus
733 1874 1024 1934 hominibus,
1049 1891 1149 1939 quo
1173 1874 1326 1924 modo
1345 1875 1390 1923 in
1410 1874 1622 1925 Graecia
1639 1877 1828 1931 maiore

261 1959 375 2008 culti
405 1959 513 2008 sint.

325 2042 405 2091 De
439 2042 545 2091 deis
579 2058 852 2106 eorumque
887 2041 1015 2091 cultu
1052 2041 1161 2091 fuse
1195 2042 1400 2108 egimus,
1426 2042 1491 2092 de
1517 2044 1688 2108 mystis
1712 2044 1830 2110 ipsis

262 2124 620 2190 disputavimus
664 2125 825 2190 capite
870 2125 890 2174 Ῑ
936 2136 988 2174 et
1026 2125 1471 2175 demonstravimus
1505 2127 1705 2191 quidem
1741 2145 1831 2178 eos

261 2225 423 2273 neque
452 2207 700 2273 Orphicos
728 2225 891 2274 neque
921 2209 1202 2275 Aegyptios
1229 2219 1428 2258 secutos
1462 2210 1829 2276 Pythagoreum

260 2290 509 2340 literarum
556 2290 897 2356 sepulcralium
939 2308 1130 2340 morem
1172 2291 1426 2341 celebrare
1460 2293 1741 2357 perrexisse
1779 2304 1832 2343 et

262 2374 450 2439 optimo
484 2374 587 2423 iure
621 2374 964 2440 Pythagoreos
997 2374 1242 2423 nominari
1277 2392 1429 2439 posse
1471 2376 1604 2436 (vide
1646 2393 1754 2442 cap.
1790 2377 1831 2426 11

262 2460 294 2523 ἓ
326 2461 393 2522 4),
439 2456 532 2507 sed
576 2458 850 2506 accuratius
891 2457 1306 2507 considerandum
1340 2469 1418 2508 est
1451 2459 1568 2523 quid
1603 2460 1832 2510 carminis

262 2540 493 2605 supplicis
526 2550 577 2589 et
610 2540 798 2605 mystici
834 2541 1141 2605 comparatio
1187 2541 1251 2590 de
1297 2541 1353 2591 iis
1398 2542 1595 2591 doceat.
1643 2542 1832 2593 Facere

263 2634 429 2673 autem
477 2641 576 2672 non
615 2640 818 2687 possum
870 2623 985 2689 quin
1039 2623 1270 2674 nonnulla
1322 2625 1386 2674 de
1440 2625 1568 2674 cultu
1619 2636 1729 2676 orto
1780 2636 1833 2676 et

263 2717 544 2773 propagato
578 2707 775 2756 addam.

264 2855 295 2919 ἓ
333 2870 375 2904 2.
422 2855 665 2904 Versuum
699 2855 899 2904 laminis
932 2855 1283 2920 inscriptorum
1316 2858 1453 2922 orzssgo
1486 2858 1830 2908 adumbratur.

330 2949 460 2999 Cum
509 2950 825 3015 perspicuum
875 2951 937 2999 sit
987 2950 1279 3000 laminarum
1329 2951 1710 3017 discrepantiam
1768 2954 1834 3003 ad

266 3031 408 3081 binos
436 3032 678 3082 initiorum
708 3033 894 3098 gradus
921 3033 1234 3083 referendam
1264 3050 1390 3093 esse,
1410 3052 1833 3100 supervacaneum
