2176 3450
1134 355 1224 401 104

392 477 475 541 qui
509 476 639 525 dicat
671 480 905 532 δεσποίνας
925 476 1014 525 ὑπὸ
1038 473 1199 524 κόλπον
1223 476 1322 523 ἔδυν
1354 475 1482 524 velle
1500 476 1792 540 profiteri...
1816 493 1872 526 se
1889 477 1954 527 ab

391 559 660 608 Inferorum
694 559 791 609 dea
825 569 877 608 ut
907 559 1114 623 filzum1)
1150 568 1405 623 acceptum
1432 569 1483 607 et
1507 560 1646 623 quasi
1663 560 1954 625 adoptatum

393 643 552 691 esse”.
1919 646 1922 649 ”

459 725 634 774 Rohde
655 728 690 789 2)
735 735 898 774 autem
944 725 1070 774 hanc
1115 725 1570 789 interpretationem
1617 726 1784 775 reiecit
1828 727 1957 777 hanc

393 808 461 856 ob
482 825 702 856 causam:
726 808 864 866 „hier
881 808 991 856 sind
1009 808 1092 856 wir
1109 808 1175 855 im
1193 808 1367 857 Hades
1384 808 1485 856 und
1501 825 1558 857 es
1575 808 1639 858 ist
1656 810 1958 876 wenigstens

394 890 524 940 nicht
557 890 702 939 leicht
736 909 791 939 zu
825 890 1056 956 glauben,
1093 891 1210 939 dass
1245 890 1311 939 im
1346 890 1534 949 Hades‚
1569 891 1616 939 in
1653 890 1957 957 Gegenwart

393 974 483 1022 der
517 973 686 1022 Gottin
720 974 872 1022 selbst
907 974 1004 1038 (die
1030 973 1160 1023 doch
1185 974 1329 1022 einen
1354 991 1443 1022 nur
1465 974 1830 1038 symbolischen
1857 975 1957 1024 Act

394 1056 484 1105 der
515 1057 864 1105 bezeichneten
900 1058 993 1105 Art
1033 1057 1240 1123 unnotig
1281 1057 1462 1116 macht)
1502 1057 1667 1106 dieses
1704 1062 1958 1107 διέλκεσθαι

393 1140 467 1187 dui
490 1142 653 1187 κόλπου
681 1157 1068 1205 vorgenommcn
1091 1141 1307 1206 gedacht
1324 1140 1538 1190 werde.’'
1564 1140 1666 1190 Sed
1689 1140 1958 1189 secundum

394 1222 731 1271 Dieterichum
751 1225 784 1286 ⁸)
820 1233 1039 1272 mortuus
1075 1241 1171 1272 non
1207 1225 1254 1272 in
1290 1223 1561 1273 Inferorum
1601 1224 1740 1290 regia
1779 1225 1871 1273 sed
1910 1223 1960 1273 in

393 1308 542 1373 orgiis
576 1324 705 1372 quae
740 1307 789 1355 in
823 1317 956 1355 terra
989 1307 1147 1356 adhuc
1180 1307 1350 1356 vivens
1379 1308 1638 1356 celebrarit
1663 1307 1790 1356 hunc
1818 1307 1962 1356 ritum

393 1408 450 1440 se
486 1400 773 1439 exsecutum
811 1407 922 1439 esse
957 1391 1106 1454 dicitqgssj

460 1474 638 1522 Rohdii
685 1474 829 1539 igitur
874 1484 1220 1539 argumentum
1267 1474 1453 1523 irritum
1499 1474 1557 1522 fit
1601 1484 1653 1523 et
1698 1473 1961 1523 statuimus

394 1557 658 1606 thiasotam
693 1574 747 1605 re
781 1574 904 1606 vera
944 1557 992 1605 in
1033 1558 1277 1622 mysteriis
1323 1557 1686 1606 solemnissimo
1730 1558 1824 1606 hoc
1869 1556 1962 1606 ritu

395 1641 714 1704 exsequendo
760 1641 1085 1705 Proserpinae
1131 1640 1282 1689 filium
1326 1650 1554 1690 renatum
1593 1657 1705 1689 esse
1749 1640 1962 1705 ideoque

395 1723 503 1771 θεὸν
527 1723 622 1771 dm
645 1731 822 1788 βροτοῖο
857 1723 1040 1772 factum
1074 1733 1125 1772 et
1158 1724 1308 1788 ipsius
1343 1724 1554 1788 Dionysi
1587 1724 1829 1785 nomine⁴)
1848 1741 1896 1788 q.
1916 1739 1961 1772 e.

393 1806 545 1870 ἔριφος
594 1806 891 1871 appellatum
939 1824 1052 1856 esse
1098 1807 1146 1855 in
1191 1806 1421 1871 symbolo
1467 1807 1674 1872 mystico
1724 1807 1771 1855 in
1824 1805 1961 1871 quod

395 1889 537 1938 huius
571 1891 797 1938 carminis
830 1908 947 1955 pars
981 1890 1137 1939 altera
1171 1891 1285 1939 exit.
1322 1891 1484 1939 Locus
1520 1900 1687 1939 autem
1721 1890 1845 1954 ipse,
1881 1889 1964 1938 ubi

394 1974 721 2037 Proserpinae
756 1974 862 2022 sinu
897 1984 1030 2023 tacto
1060 1984 1221 2039 mysta
1249 1985 1447 2023 renatus
1471 1984 1561 2033 est,
1592 1974 1804 2023 sortasse
1833 1972 1964 2021 idem

397 2066 474 2107 est
515 2067 668 2121 atque
710 2059 751 2106 is
793 2075 943 2123 quem
990 2069 1150 2122 mysta
1194 2058 1341 2106 alacri
1384 2059 1517 2123 pede
1562 2058 1814 2123 ingressus
1859 2064 1962 2104 est:

467 2193 494 2240 1)
524 2192 575 2230 D.
603 2191 760 2242 scripsit
787 2193 977 2232 liberum.

465 2257 496 2310 2)
523 2258 679 2308 Rohde,
715 2259 869 2309 Psyche
908 2260 948 2297 ΙΙ
975 2272 1016 2309 p.
1045 2271 1144 2308 4²13
1173 2270 1332 2297 versum
1361 2257 1498 2297 vertit:
1541 2257 1638 2306 „Ich
1666 2256 1790 2295 suche
1816 2255 1965 2295 Schutz

397 2336 450 2362 an
479 2323 605 2363 ihrem
633 2323 914 2364 mutterlichen
943 2325 1075 2363 Busen
1105 2323 1218 2376 (oder
1246 2322 1473 2372 Schooss)”.

463 2401 497 2451 ὅ)
539 2400 753 2450 Dieterich‚
796 2401 1023 2441 Mithraslit.
1065 2415 1106 2452 p.
1152 2401 1239 2451 136,
1282 2400 1443 2440 Rohdio
1483 2399 1701 2451 respondet
1728 2399 1829 2438 haec
1855 2398 1965 2436 fere:

398 2467 560 2517 „Daran
589 2466 666 2505 will
691 2467 757 2505 ich
783 2467 888 2506 auch
916 2466 1162 2517 keineswegs
1190 2467 1371 2515 denken;
1402 2466 1473 2505 der
1500 2464 1767 2516 symbolische
1794 2463 1877 2502 Akt
1913 2461 1965 2502 ist

398 2532 501 2572 einst
537 2532 601 2571 bei
637 2533 708 2571 der
742 2531 1010 2583 Einweihung
1045 2532 1118 2571 auf
1141 2532 1276 2570 Erden
1313 2531 1369 2570 im
1397 2530 1616 2570 Kultritual
1642 2539 1959 2580 vorgenommen

398 2598 559 2637 worden
603 2598 688 2637 und
728 2598 875 2636 darauf
897 2598 1028 2636 beruft
1057 2597 1141 2637 sich
1171 2598 1242 2636 der
1271 2598 1405 2647 Myste
1421 2627 1430 2636 .
1447 2627 1456 2635 .
1474 2627 1483 2635 .
1502 2626 1510 2635 .
1540 2597 1593 2634 Er
1621 2595 1754 2634 beruft
1781 2593 1866 2633 sich
1893 2592 1968 2632 auf

398 2662 508 2702 seine
536 2662 638 2702 einst
665 2663 796 2703 rituell
822 2663 1052 2714 vollzogene
1079 2662 1323 2701 Kindschaft
1351 2662 1423 2700 der
1449 2660 1592 2701 Gottin
1620 2657 1894 2711 gegenuber''.

464 2741 495 2786 4)
524 2740 691 2791 Dionysi
719 2753 868 2779 nomen
910 2754 951 2791 q.
973 2753 1008 2779 e.
1049 2739 1253 2782 ὑποκόλπιος
1295 2738 1498 2778 Dieterich
1526 2750 1620 2777 cum
1648 2736 1708 2776 his
1735 2734 1965 2787 adoptionis

400 2804 540 2844 ritibus
567 2805 662 2845 olim
689 2805 859 2845 contulit
887 2807 970 2853 (Kl.
999 2806 1109 2844 Schr.
1126 2819 1153 2856 p
1190 2806 1257 2856 98)
1273 2805 1344 2843 sed
1368 2803 1516 2843 deinde
1530 2801 1745 2852 παλινῲδησε
1760 2799 1966 2854 (Mithras-

380 2870 457 2909 vlit.
484 2885 525 2922 p.
558 2871 720 2923 122s3):
763 2871 866 2920 „Die
894 2871 1161 2921 angefuhrten
1204 2870 1351 2909 Stellen
1394 2869 1611 2918 (Clemens,
1653 2868 1778 2906 Protr.
1813 2867 1865 2915 11,
1906 2866 1968 2924 16,

401 2935 616 2983 Arnobius,
659 2938 696 2973 V
726 2949 788 2985 21,
833 2938 988 2986 Hymn.
1032 2936 1158 2986 Orph.
1199 2936 1283 2984 LII,
1317 2934 1380 2987 11)
1408 2935 1512 2973 habe
1538 2933 1604 2972 ich
1632 2932 1736 2972 einst
1763 2929 1970 2970 falschlich

401 3000 474 3039 mit
502 3000 833 3052 Adoptionsriten
862 2999 1331 3051 zusammengebracht.‘’
