2176 3450
1047 352 1107 397 23

292 474 538 523 Zalmoxis
571 490 735 539 neque
769 477 934 529 Κρόνος
959 490 1122 537 neque
1140 471 1358 528 Ἡρακλῆς
1377 472 1466 520 sed
1484 472 1608 520 deus
1627 474 1861 525 Κεραύνιος
1882 534 1889 541 ἱ

293 557 384 606 fuit
414 560 580 622 (quem
613 556 836 606 Thraces
857 557 1006 606 etiam
1025 556 1395 613 Zbelsourdum,
1419 555 1584 603 Getae
1608 554 1859 613 Γεβελέϊζιν

291 641 682 706 appellaverunt)
711 640 845 688 cuius
868 650 1187 689 monumenta
1217 638 1537 703 archaeologi
1567 638 1614 686 in
1647 637 1861 686 Thracia

292 724 581 773 invenerunt
602 728 651 783 1).

355 806 621 856 Zalmoxim
636 818 802 855 autem
819 823 915 855 non
929 806 1076 854 deum
1091 806 1183 854 sed
1195 805 1443 853 hominem
1458 804 1607 852 fuisse
1622 815 1672 852 et
1685 804 1859 869 Pytha-

289 907 446 956 gorae
480 890 755 961 doctrinam
790 889 1166 954 pervulgantem
1203 905 1301 937 non
1350 888 1397 936 in
1443 887 1655 936 Thracia
1700 887 1859 936 solum

288 973 380 1022 sed
403 973 529 1021 inter
563 972 736 1022 Gallos
771 973 923 1022 etiam
957 984 1207 1021 versatum
1242 989 1354 1020 esse
1390 970 1688 1036 Hippolytus
1717 971 1858 1031 secit3

289 1057 422 1105 cuius
461 1056 509 1104 in
544 1056 1035 1121 Philosophoumenis
1080 1056 1257 1122 legitur
1278 1058 1312 1119 ⁹)
1355 1053 1567 1110 Ζάμολξις
1595 1056 1641 1105 ὃς
1666 1057 1738 1098 καὶ
1764 1058 1861 1106 τούς

288 1142 404 1197 παρὰ
420 1139 598 1191 Κελτοῖς
615 1140 802 1195 Δρυίδας
819 1139 986 1193 λέγεται
1004 1139 1175 1191 διδάξαι
1193 1142 1270 1193 τὴν
1291 1142 1592 1194 Πυθαγόρειον
1603 1138 1859 1193 φιλοσοφίαν

287 1241 501 1288 quocum
547 1223 792 1272 consentit
836 1222 1084 1272 lamblichi
1131 1223 1485 1280 testimonium,
1521 1223 1603 1287 qui
1640 1233 1806 1271 narrat
1825 1225 1859 1287 ⁸)

286 1306 555 1356 Zamolxim
607 1307 922 1372 Pythagorae
978 1317 1246 1371 praecepta
1297 1306 1559 1355 tradidisse
1604 1309 1682 1360 τὴν
1713 1309 1858 1364 ψυχὴν

286 1391 514 1435 ἀθάνατον
540 1387 650 1435 εἶναι
690 1391 911 1434 πείσαντα·
955 1390 1019 1433 ἔτι
1061 1393 1132 1434 καὶ
1178 1394 1254 1433 νῦν
1292 1391 1332 1432 οἷ
1361 1389 1565 1434 Γαλάται
1597 1395 1755 1441 πάντες
1786 1393 1858 1434 καὶ

286 1477 328 1519 οἷ
368 1474 603 1533 Τριβαλλοὶ
645 1477 717 1518 ιιαί
756 1477 796 1517 οἷ
837 1473 988 1518 πολλοὶ
1030 1478 1116 1519 τῶν
1157 1476 1385 1532 βαρβάρων
1427 1477 1523 1525 τούς
1562 1475 1704 1519 αὐτῶν
1745 1477 1858 1526 υἱούς

285 1561 510 1603 πείθουσιν
554 1561 613 1610 ὥς
652 1560 727 1603 οὐκ
768 1560 856 1602 ἔστι
899 1564 1117 1613 φθαρῆναι
1165 1561 1243 1612 τὴν
1279 1562 1423 1615 ψυχὴν
1458 1557 1588 1616 [ἀλλὰ
1618 1559 1855 1618 διαμένειν]

286 1648 373 1688 τῶν
402 1643 733 1696 ἀποθανόντων,
765 1646 836 1686 καὶ
867 1645 934 1686 ὃτι
966 1645 1041 1687 τὸν
1073 1646 1270 1687 θάνατον
1301 1642 1350 1685 οὐ
1381 1643 1606 1700 φοβητέον,
1625 1642 1737 1685 α’λλά
1757 1646 1858 1700 πρὸς

284 1729 381 1778 τούς
410 1727 634 1777 κινδύνους
665 1727 876 1783 εὐρώστως
906 1727 1140 1771 furfos-,nai
1172 1732 1308 1770 ταῦτα
1338 1727 1571 1778 παιδεύσας
1598 1729 1693 1778 τούς
1719 1727 1857 1779 Γέτας

285 1814 357 1855 καὶ
398 1815 569 1868 γράψας
609 1813 755 1862 αὐτοῖς
794 1811 892 1862 τοὺς
932 1815 1084 1867 νόμους
1118 1815 1313 1864 μέγιστος
1353 1814 1439 1855 τῶν
1478 1816 1595 1855 θεῶν
1637 1814 1723 1855 ἐστι
1755 1812 1857 1868 παρ’

283 1895 442 1946 αὐτοῖς.
472 1894 637 1957 Quem
666 1895 731 1944 ad
755 1894 917 1944 locum
947 1895 1111 1944 Cobet
1133 1895 1387 1959 scripsit⁴):
1414 1895 1579 1959 „Quid
1608 1897 1670 1944 sit
1700 1896 1856 1945 Gallis

284 1978 547 2042 (Γαλάταις)
581 1995 692 2027 cum
721 1978 1007 2044 Pythagora
1031 1989 1117 2027 aut
1139 1978 1426 2028 Zalmoxide
1454 1980 1640 2044 negotii
1660 1979 1854 2028 difficile

285 2063 414 2111 dictu
465 2072 572 2119 est;
625 2078 922 2126 reponerem
971 2061 1149 2122 Γέταις,
1200 2062 1289 2110 nisi
1335 2063 1588 2127 scriptoris
1634 2080 1855 2111 errorem

356 2272 383 2318 1)
410 2272 474 2312 cf.
502 2271 791 2311 commentatio
816 2285 939 2323 quam
964 2273 1015 2311 G.
1044 2273 1168 2312 Seure
1196 2272 1352 2324 scripsit
1381 2274 1470 2318 (Les
1499 2273 1650 2324 images
1679 2275 1854 2313 Thraces

283 2337 335 2376 de
374 2338 476 2377 Zeus
519 2338 757 2377 Keraunos:
801 2343 1134 2385 ΖΒΕΛΣΟΥΡΔΟΣ,
1170 2343 1446 2386 ΓΕΒΕΛΕΙΖῙΣ,
1477 2344 1723 2387 ΖΑΛΜΟΞΙΣ,
1752 2340 1854 2380 Rev.

283 2402 324 2441 d.
351 2402 415 2442 Et.
443 2403 512 2442 Gr.
550 2416 661 2454 1913,
691 2417 728 2454 p.
762 2404 950 2454 225·261)
977 2403 1091 2443 cuius
1122 2404 1295 2443 1arrati0
1324 2406 1398 2444 hac
1416 2405 1656 2444 sententiola
1673 2418 1854 2455 compre-

283 2466 473 2507 henditur
499 2468 612 2514 (Rev.
644 2470 750 2508 Arch
798 2481 867 2518 ¹9¹
877 2482 898 2519 3
928 2482 954 2519 p
1000 2471 1110 2518 κως
1148 2469 1275 2517 „L'ex
1304 2480 1399 2510 voto
1426 2470 1480 2517 (in
1510 2471 1655 2510 Museo
1682 2471 1709 2509 S
1728 2470 1855 2520 ›phiae

284 2544 326 2572 n.
353 2533 420 2582 48)
461 2533 588 2584 figure
629 2533 679 2573 ici
721 2546 801 2572 non
845 2534 881 2572 le
922 2535 1024 2574 Zeus
1065 2536 1279 2574 Keraunos
1314 2549 1421 2586 grec,
1451 2535 1550 2574 mais
1580 2549 1659 2574 une
1687 2536 1855 2575 divinite

284 2597 409 2637 locale
450 2598 519 2649 qui
561 2599 708 2650 portait
745 2600 841 2638 chez
877 2600 932 2638 les
961 2600 1138 2639 Thraces
1167 2601 1204 2639 le
1232 2613 1395 2639 surnorn
1427 2601 1479 2640 de
1504 2601 1768 2640 Zbelsourdos
1800 2616 1854 2639 =

281 2661 595 2713 Zibelesourdos,
624 2673 664 2703 et
692 2664 790 2703 chez
817 2665 871 2703 les
900 2665 1025 2705 Getes
1053 2665 1156 2704 celui
1187 2666 1239 2704 de
1266 2665 1480 2705 Zibeleizis.
1512 2667 1572 2705 Ce
1599 2668 1732 2705 meme
1759 2666 1852 2705 dieu

282 2727 472 2778 s'appeue
500 2728 604 2768 aussi
633 2728 869 2769 Zalmoxis.’'

355 2792 384 2843 ⁹)
426 2791 548 2837 Diels.
590 2794 805 2846 Doxografi
849 2794 993 2834 Graeci
1037 2808 1077 2846 p.
1122 2795 1211 2846 558,
1253 2809 1288 2835 c.
1333 2796 1368 2835 11
1411 2801 1430 2844 ς
1478 2809 1546 2846 ι7;
1589 2797 1640 2836 cs.
1668 2809 1702 2836 c.
1732 2797 1852 2835 XXV

283 2860 303 2905 ς
335 2870 348 2896 1
383 2865 424 2898 et
454 2871 490 2898 2.

351 2922 382 2976 8)
409 2924 562 2973 Ιιιπὼ1.,
591 2924 644 2965 V.
672 2925 716 2965 P.
744 2928 764 2973 5
797 2936 885 2975 ¹73·

348 2989 380 3040 ⁴)
407 2988 551 3036 Cobet,
580 2989 746 3030 Collect.
774 2989 874 3031 Crit.
903 3003 942 3042 p.
974 2990 1064 3042 384.
