2176 3450
1000 394 1088 444 153

255 519 387 568 Iovis
413 519 600 583 βροντάς
622 521 799 567 τελέσαι
828 517 1104 574 voluerunt,
1129 517 1384 566 Laconum
1411 517 1477 566 ad
1500 517 1822 566 imitationem

257 611 444 667 mystas
494 619 524 651 e
574 601 868 667 Proserpina
925 612 1125 650 renatos
1183 601 1367 664 ἐρίφους
1423 600 1622 649 nomine
1679 616 1823 649 sacro

257 695 673 750 nuncupaverunt.

323 769 465 832 Quas
482 769 549 817 ob
567 785 744 817 causas
762 768 940 832 opinor
969 783 1131 816 meam
1160 767 1226 815 de
1254 766 1450 815 Cretica
1477 767 1823 831 mysteriorum

257 852 586 901 Thurinorum
638 852 828 916 origine
879 850 1171 915 hypothesin
1224 867 1398 899 omnes
1443 850 1491 898 in
1535 867 1590 898 se
1635 849 1825 898 habere

259 952 493 984 numeros
542 935 782 993 veritatis3
829 933 1162 983 concludimus
1213 933 1358 999 igitur
1402 932 1599 982 Cretica
1643 933 1827 982 domini

257 1018 426 1068 Orcini
446 1018 749 1082 Dionysique
767 1017 908 1083 orgia
925 1017 990 1066 ad
1009 1017 1236 1065 Lacones
1258 1014 1610 1076 παραδεδόσθαι,
1630 1015 1825 1064 eadem-

257 1119 355 1166 que
388 1101 554 1150 multis
588 1102 798 1159 mutatis,
834 1100 938 1149 aliis
972 1101 1180 1157 omissis,
1215 1099 1320 1149 aliis
1347 1098 1539 1157 additis,
1560 1116 1591 1148 a
1610 1099 1826 1148 Doribus

258 1185 305 1233 in
335 1185 598 1233 Graeciam
632 1184 869 1233 maiorem
903 1184 1140 1232 translata
1163 1200 1302 1250 esse.

326 1268 466 1317 Haec
499 1284 641 1316 sacra
675 1267 1003 1332 Metapontini
1039 1276 1091 1315 et
1123 1265 1326 1314 Thurini
1351 1266 1432 1331 qui
1456 1266 1827 1332 Pythagoreum

258 1351 505 1400 literarum
542 1350 882 1415 sepulcralium
917 1367 1106 1399 morem
1118 1355 1152 1413 1)
1189 1349 1563 1398 celebraverunt
1592 1349 1683 1398 sibi
1711 1349 1826 1398 asci-

258 1438 446 1478 verunt.
483 1428 694 1477 Sodales
729 1428 872 1493 igitur
899 1427 982 1492 qui
1011 1427 1311 1492 Pythagorei
1339 1427 1510 1475 audire
1534 1426 1826 1484 maluerunt,

258 1510 491 1566 ἐκστάσιας
516 1517 661 1575 ψυχᾶς
685 1511 882 1559 minime
911 1510 1156 1576 fugerunt,
1186 1510 1278 1558 sed
1305 1527 1336 1558 a
1365 1509 1650 1575 Pythagora
1678 1510 1827 1575 dege-

259 1611 407 1644 neres
448 1592 719 1658 ἐριφιήματα
761 1593 1151 1643 celebraverunt.
1204 1593 1348 1656 Quae
1399 1593 1539 1659 orgia
1591 1593 1829 1641 Bacchica

258 1679 422 1744 potius
463 1695 611 1743 quam
668 1677 889 1742 Orphica
947 1677 1211 1726 nominem.
1270 1676 1583 1726 Herodotum
1605 1678 1639 1740 ⁹)
1696 1675 1829 1724 enim

259 1773 457 1812 secutus
506 1762 560 1810 τοὶ
596 1759 788 1824 Ὀρφικά
840 1760 1041 1825 quidem
1095 1757 1285 1819 Βακχικά
1330 1759 1479 1808 fuisse
1529 1759 1620 1808 sed
1664 1759 1830 1808 omnia

261 1843 452 1905 Βακχικά
479 1862 578 1894 non
591 1844 656 1893 ad
668 1843 927 1909 Orpheum
942 1843 1204 1893 referenda
1222 1860 1335 1892 esse
1353 1843 1522 1901 credo,
1534 1842 1784 1908 distinguo
1794 1843 1828 1902 ⁸)

260 1928 513 1979 Laconum
538 1927 717 1977 cultum
741 1928 825 1993 qui
842 1927 990 1976 deum
1007 1927 1099 1976 sub
1117 1926 1285 1991 specie
1308 1926 1466 1990 ἐρίφου
1492 1925 1748 1975 coluerunt
1765 1925 1830 1974 ab

260 2012 493 2078 Orphicis
522 2010 802 2074 Εἰραφιώτον
823 2011 991 2070 sacris,
1019 2027 1167 2075 quern
1196 2010 1326 2058 Zeus
1357 2014 1489 2073 μηρῷ
1510 2006 1831 2073 ε’γκατέρραψε,

259 2096 440 2161 opinor
462 2094 610 2144 alium
634 2095 804 2144 ἄνακτα
820 2105 1010 2143 castum
1031 2092 1352 2158 Hippolytum
1365 2095 1416 2158 ⁴),
1435 2092 1583 2142 alium
1600 2091 1830 2141 Lacones

259 2177 529 2243 ε’ριφιήματα
547 2188 808 2227 exsecutos
843 2177 1090 2227 habuisse.

326 2261 599 2327 Quidquod
631 2261 877 2311 thiasotae
911 2260 1079 2310 Italiae
1114 2260 1358 2309 inferioris
1391 2260 1587 2310 silentio
1614 2269 1830 2325 praeter·

261 2345 495 2394 miserunt
528 2344 761 2395 Semelae
796 2361 993 2402 nomen,
1029 2345 1165 2393 cuius
1184 2343 1335 2402 filio‘)
1363 2345 1417 2392 τά
1442 2343 1645 2408 Ὀρφέως
1665 2340 1829 2406 μυστή-

261 2449 336 2493 ρια
366 2429 556 2477 ἐτελεῖτο
589 2427 777 2493 (Lydus
811 2428 876 2476 de
909 2427 1178 2486 mensibus,
1213 2427 1278 2476 IV
1314 2444 1355 2477 c.
1394 2428 1455 2490 38
1489 2444 1535 2492 p.
1573 2427 1671 2490 82).

319 2532 350 2581 ι)
379 2533 441 2572 De
477 2545 589 2572 more
623 2532 700 2572 hoc
735 2532 788 2572 cf.
826 2544 932 2584 quae
966 2531 1106 2583 scripsi
1141 2544 1263 2583 supra
1289 2544 1383 2583 cap.
1413 2531 1429 2569 1
1459 2538 1499 2570 et
1527 2530 1579 2570 de
1606 2528 1832 2582 praeceptis

265 2597 524 2650 Pythagoreis
550 2610 672 2650 supra
697 2610 788 2648 cap.
819 2598 876 2635 lv
903 2601 924 2645 ς
954 2610 974 2636 2
1004 2599 1054 2646 A,
1082 2609 1173 2648 cap.
1203 2598 1238 2635 V
1267 2601 1287 2645 ς
1318 2610 1338 2636 2
1369 2598 1406 2637 A
1435 2603 1476 2636 et
1503 2600 1522 2644 ς
1552 2609 1589 2647 3.

317 2662 348 2713 ¹)
377 2664 439 2703 De
468 2662 664 2703 Herodoti
693 2662 894 2703 sententia
921 2661 986 2714 egi
1012 2660 1104 2714 capss
1131 2663 1150 2702 1
1177 2665 1198 2710 9
1232 2674 1265 2702 1.

317 2728 350 2778 ⁸)
380 2727 484 2768 Vide
512 2741 634 2780 supra
673 2741 763 2781 cap.
792 2729 826 2768 ΙΙ
858 2732 878 2776 5
906 2741 942 2776 ⁴·
985 2727 1173 2768 Wioeeler
1215 2727 1280 2774 (1.1.
1309 2740 1349 2779 p.
1379 2728 1487 2776 702¹)
1527 2726 1673 2778 Ἑρίφιον
1712 2725 1834 2766 inter-

264 2802 444 2845 pretatur
470 2794 696 2843 Bockrgvtt,
723 2795 932 2847 Εὶραφιῶτην
967 2793 1230 2842 Widdergvtt.

315 2860 351 2909 ⁴)
379 2859 443 2899 Cf.
470 2858 652 2911 Euripid.
682 2858 850 2911 Hippoi.
878 2871 916 2899 ν.
946 2859 1039 2899 826.

319 2925 351 2974 ⁸)
379 2925 445 2965 Cf.
463 2924 551 2965 Cic.
573 2925 634 2964 De
653 2925 808 2964 Natura
822 2925 1014 2972 Deorum,
1028 2923 1097 2972 111,
1117 2936 1188 2975 ²3²
1208 2922 1436 2975 „Dionysos
1458 2921 1604 2962 multos
1623 2921 1832 2961 habemus.

265 2989 439 3042 primum
481 2991 581 3041 Jove
621 2997 661 3030 et
702 2988 940 3041 Proserpina
980 2997 1135 3036 natum,
1176 2988 1403 3029 secundum
1445 2986 1537 3027 Nilo
1576 2986 1648 3039 qui
1694 2987 1832 3038 Nynan

265 3054 412 3095 dicitur
452 3054 713 3105 interemisse,
755 3054 917 3095 tertium
958 3053 1108 3094 Cabiro
1149 3062 1276 3106 patre.
1318 3065 1495 3104 eumque
1536 3063 1672 3104 regem
1713 3050 1834 3091 Asiae
