2176 3450
1128 381 1217 426 114

388 506 632 570 mysteriis
655 505 919 554 initiaretur
945 514 995 552 et
1024 504 1069 551 in
1092 502 1225 566 Jovis
1248 502 1381 550 Idaei
1405 512 1598 550 antrum
1621 502 1949 553 descenderet

386 593 503 649 λίθῳ
523 595 733 652 κεραυνίῳ
759 590 1086 649 κεκαθαρμένος
1115 602 1227 633 esse
1262 584 1447 632 dicitur.
1465 587 1498 644 ¹)
1535 584 1649 647 Qua
1683 601 1746 632 ex
1780 584 1947 635 sabula

385 672 481 720 hoc
514 681 650 719 certe
682 679 889 734 apparet
922 678 1107 732 mystas
1141 667 1366 716 Creticos
1399 667 1580 732 aliquid
1613 684 1703 732 per
1741 666 1947 732 κεραυνόν

387 765 646 803 exsecutos
680 770 806 801 esse.

452 837 598 885 Adde
622 836 758 900 quod
783 834 1080 899 Pythagorei
1106 834 1337 882 dicebant
1350 839 1384 894 ¹)
1407 837 1593 897 βροντᾶν
1617 833 1803 897 ἀπειλῆς
1821 837 1946 884 ἕνεκα

383 928 475 974 τοῖς
497 919 544 966 ἐν
574 916 788 981 Ταρτάρῳ
813 918 935 971 ὅπως
958 921 1193 977 φοβῶνται.
1227 915 1372 978 Quae
1405 916 1652 966 sententia
1685 917 1800 966 inde
1834 926 1944 966 orta

384 1018 495 1050 esse
511 1001 715 1058 videtur,
735 1000 868 1064 quod
886 1000 931 1047 in
951 998 1198 1063 mysteriis
1216 1015 1391 1048 revera
1409 1000 1617 1048 tonitrus
1635 999 1944 1064 fulminisque

383 1083 630 1148 fragorem
670 1083 972 1131 imitarentur
1010 1093 1063 1130 ut
1101 1082 1346 1130 initiandis
1386 1092 1570 1131 metum
1605 1083 1892 1132 incuterent.
1907 1087 1943 1144 ⁸)

447 1166 644 1214 Deinde
678 1166 972 1214 adnotamus
1012 1165 1280 1213 secundum
1321 1165 1579 1229 Hispalam
1623 1165 1887 1216 Feceniam
1906 1168 1944 1231 ⁴)

384 1249 455 1306 „si
494 1250 576 1313 qui
616 1249 775 1296 minus
814 1249 1060 1312 patientes
1094 1249 1354 1297 dedecoris
1387 1249 1481 1297 sint
1515 1259 1565 1298 et
1598 1249 1844 1315 pigriores
1876 1249 1943 1299 ad

382 1332 585 1390 facinus,
598 1349 690 1396 pro
708 1332 911 1380 victimis
929 1330 1198 1380 immolari”
1213 1348 1402 1397 eosque
1421 1332 1710 1390 „machinae
1729 1332 1943 1398 illigatos

382 1433 443 1464 ex
501 1425 770 1478 conspectu
829 1415 878 1462 in
938 1415 1136 1463 abditos
1193 1432 1372 1478 specus
1429 1414 1634 1479 abripi’'.
1654 1418 1686 1476 ⁵)
1737 1415 1943 1480 Hispala

379 1498 577 1562 quidem
616 1498 733 1546 dicit
774 1515 896 1555 „eos
936 1515 1062 1555 esse,
1105 1498 1187 1562 qui
1227 1509 1311 1546 aut
1350 1498 1608 1547 coniurare
1647 1509 1732 1548 aut
1764 1499 1939 1549 sociari

380 1581 672 1629 facinoribus
705 1591 789 1629 aut
821 1592 1040 1645 stuprum
1075 1582 1177 1645 pati
1213 1581 1503 1640 noluerint’'‚
1523 1583 1559 1645 ⁶)
1592 1582 1684 1631 sed
1717 1582 1941 1632 homines

378 1681 440 1712 ex
468 1675 732 1728 conspectu
763 1665 957 1728 abrepti
987 1665 1134 1713 iidem
1165 1675 1315 1729 atque
1339 1665 1385 1713 ei
1409 1682 1619 1729 quorum
1641 1682 1852 1730 corpora
1874 1665 1940 1715 ad

379 1747 681 1811 sepulturam
732 1765 831 1796 non
882 1758 1150 1796 exstarent·
1185 1748 1333 1796 fuisse
1384 1749 1610 1797 videntur
1666 1759 1718 1797 et
1776 1748 1938 1798 locum

376 1831 624 1894 tympanis
651 1831 984 1895 cymbalisque
1013 1831 1456 1880 circumsonantem
1483 1831 1665 1880 abditis
1692 1832 1939 1896 specubus

378 1930 476 1961 non
510 1914 793 1978 adaequare
827 1914 1024 1962 difficile
1059 1924 1148 1962 est.

442 1996 683 2045 Homines
710 2007 890 2055 autem,
921 1997 1005 2061 qui
1034 2014 1064 2046 a
1091 1998 1431 2046 sacerdotibus
1459 1998 1506 2046 in
1530 1998 1749 2047 abditum
1773 1999 1937 2049 locum

376 2079 454 2127 vel
488 2096 688 2143 specum
717 2080 1082 2144 abripiebantur
1102 2091 1162 2129 ·et
1189 2098 1280 2145 pro
1311 2081 1513 2130 victimis
1541 2081 1934 2142 immolabantur,

444 2229 475 2277 1)
500 2227 753 2279 Porphyrius,
795 2230 844 2268 V.
869 2229 910 2268 P.
953 2242 989 2269 c.
1022 2230 1090 2279 163
1119 2230 1170 2270 ef.
1198 2243 1320 2281 supra
1342 2244 1432 2281 cap.
1459 2231 1518 2270 IV
1545 2235 1564 2278 5
1594 2244 1615 2270 2
1641 2232 1679 2270 A
1705 2236 1763 2282 (p.
1794 2234 1863 2282 7²)
1894 2239 1935 2274 et

373 2293 477 2332 infra
502 2306 593 2345 cap.
621 2295 678 2332 VI
702 2298 721 2341 ς
751 2307 787 2334 2.

442 2358 474 2408 ²)
503 2359 666 2398 Aristot.
693 2360 796 2398 anal.
821 2367 924 2410 post.
953 2372 1004 2411 94
1032 2373 1072 2410 p.
1099 2374 1143 2410 31
1170 2373 1253 2412 seq.
1261 2375 1272 2410 3
1294 2362 1346 2400 cf.
1365 2369 1626 2412 praeceptum
1645 2363 1832 2414 Pythag.:
1851 2363 1934 2401 ὅταν

374 2424 556 2476 βροντήσῃ,
579 2429 639 2466 τῆς
656 2430 718 2474 γῆς
731 2425 886 2473 ἅψασθαι
905 2424 1061 2477 (Iambl.
1077 2426 1126 2464 V.
1141 2426 1185 2465 P.
1203 2427 1295 2477 156)
1318 2434 1358 2465 et
1378 2426 1469 2465 vide
1490 2440 1610 2478 supra
1625 2439 1714 2479 cap.
1727 2429 1823 2478 Ivfi
1842 2441 1862 2467 2
1881 2430 1933 2470 A.

441 2489 474 2538 ⁸)
502 2490 564 2528 Cf.
600 2489 796 2540 Origenes
823 2497 964 2529 contra
990 2490 1152 2529 Celsum
1181 2492 1231 2538 H,
1265 2504 1334 2532 τοι
1362 2492 1491 2534 Κέλσος
1510 2494 1660 2542 ἐξομοιοῖ
1686 2495 1775 2543 ἡμᾶς
1799 2498 1872 2537 τοῖς
1897 2495 1933 2531 ἐν

372 2560 448 2596 ταῖς
483 2560 665 2604 Βακχικαῖς
697 2555 846 2597 τελεταῖς
870 2554 916 2592 τὰ
941 2557 1105 2605 φάσματα
1125 2557 1182 2593 καὶ
1211 2556 1358 2607 δείματα
1383 2561 1656 2609 προεισάγουσιν.
1682 2558 1856 2609 Procius,
1882 2560 1931 2600 In

374 2619 520 2669 Remp.
546 2633 582 2670 p.
619 2633 667 2668 14
694 2619 817 2659 Pitra:
844 2621 922 2662 τοὺς
949 2619 1010 2671 μὲν
1036 2627 1102 2658 τῶν
1119 2622 1324 2671 τελουμένων
1340 2623 1633 2664 καταπλήττεσθαι
1651 2622 1821 2674 δειμάτων
1836 2626 1932 2662 θείων

372 2684 508 2735 πλήρεις
534 2687 763 2735 γιγνομένους.
801 2686 927 2725 Procl.
954 2687 1002 2724 In
1031 2686 1159 2726 Alcib.
1187 2687 1204 2726 I
1234 2701 1273 2738 p.
1303 2689 1350 2727 61
1382 2688 1578 2728 Creuzer:
1604 2694 1832 2741 προηγοῦνται
1860 2695 1928 2728 τῶν

373 2748 552 2800 δρωμένων
599 2751 823 2795 καταπλήξας
854 2753 953 2793 τινές.
1001 2751 1066 2791 Cf.
1102 2753 1230 2792 Procl.
1264 2754 1312 2792 In
1348 2753 1477 2794 Alcib.
1512 2755 1531 2792 I
1566 2768 1607 2806 p.
1636 2768 1687 2805 39
1715 2762 1756 2795 et
1782 2768 1822 2806 p.
1855 2768 1928 2804 142

372 2814 494 2864 (locos
521 2814 726 2865 exscripsit
752 2817 900 2865 Maass,
927 2816 1113 2867 Orpheus
1140 2830 1181 2868 p.
1209 2818 1337 2870 95¹²2).

438 2879 472 2927 ⁴)
500 2878 635 2918 Livius
663 2881 761 2919 haec
789 2881 1002 2932 Hispalam
1028 2882 1242 2922 Feceniam
1271 2883 1366 2923 facit
1393 2883 1597 2924 dicentem
1623 2884 1689 2924 Ll.
1707 2897 1743 2925 c.
1763 2887 1847 2936 ¹³9
1866 2897 1927 2926 11.

441 2943 471 2990 ⁵)
500 2942 647 2993 Livius,
674 2945 698 2983 l.
713 2945 738 2984 1.
765 2958 799 2984 c.
834 2959 893 2996 13,
922 2951 942 2993 ὅ
973 2959 1033 2997 13.

439 3008 456 3034 ⁶
498 3007 644 3057 Livius,
672 3009 742 3049 l.1.
