2176 3450
1148 410 1202 457 18

459 547 576 594 Mihi
626 557 789 594 autem
842 546 1108 594 admodum
1159 545 1359 593 dubium
1411 545 1606 592 videtur
1656 545 1703 592 in
1764 545 1955 608 Lysidis

392 630 617 693 sepulcro
662 629 828 676 literas
874 628 1173 692 sepulcrales
1208 627 1430 675 conditas
1467 627 1615 675 fuisse
1651 637 1701 675 et
1734 627 1956 691 suspicor

393 729 520 769 eum,
556 712 622 759 ita
655 721 707 759 ut
741 713 807 758 M.
845 711 1122 759 Varronem
1145 717 1178 770 1)
1215 710 1549 774 „Pythagorio
1573 710 1726 758 modo
1745 710 1790 758 in
1810 709 1954 774 myrti

393 799 443 837 et
477 789 619 836 oleae
654 798 804 851 atque
841 788 1010 851 populi
1045 788 1214 852 nigrae
1250 786 1406 835 foliis”
1427 786 1670 850 sepultum
1689 803 1816 835 esse.
1836 786 1953 845 Sed,

392 882 497 920 utut
530 888 610 918 res
645 871 767 918 haec
803 887 858 918 se
905 871 1071 927 habet,
1124 871 1169 917 in
1222 869 1450 918 confesso
1501 870 1563 918 sit
1613 869 1955 934 Pythagoreos

391 954 656 1017 antiquitus
689 955 809 1004 ὁσίως
839 954 1062 1017 sepultos
1098 970 1224 1009 esse,
1245 953 1308 1000 de
1329 952 1560 1016 Orphicis
1579 952 1694 1000 nihil
1713 952 1955 1000 eiusmodi

390 1047 631 1084 constare.
649 1037 842 1085 Deinde
861 1036 1070 1084 Diodori
1082 1036 1240 1084 locum
1255 1052 1401 1098 supra
1415 1035 1613 1083 allatum
1625 1037 1658 1099 s)
1673 1036 1719 1083 in
1738 1046 1954 1084 mentem

391 1120 531 1167 nobis
566 1137 874 1177 revocamus,
910 1119 990 1167 ubi
1025 1119 1234 1183 legimus
1269 1118 1475 1166 Galatas
1493 1119 1665 1167 solitos
1683 1135 1796 1167 esse
1815 1120 1953 1168 ἐνίους

390 1201 611 1253 ἐπιστολὰς
641 1203 931 1257 γεγραμμένας
962 1207 1048 1252 τοῖς
1080 1203 1247 1252 οἴκείοις
1273 1200 1612 1257 τετελευτηκόσιν
1640 1200 1865 1260 ἐμβάλλειν
1897 1204 1955 1252 εἷς

389 1289 466 1340 τὴν
496 1290 649 1344 πυράν,
686 1287 833 1350 idque
869 1303 958 1334 eos
991 1285 1166 1334 secisse
1201 1303 1263 1334 ex
1297 1302 1437 1334 more
1473 1302 1572 1333 non
1608 1285 1952 1349 Orphicorum,

389 1370 479 1418 sed
514 1370 961 1435 Pythagoricorum.

456 1454 714 1502 Postremo
763 1469 920 1517 grave
971 1463 1049 1500 est
1100 1452 1344 1500 Iamblichi
1389 1452 1717 1500 testimonium
1734 1454 1782 1515 ⁸),
1819 1452 1955 1516 quod

389 1539 694 1586 demonstrat
727 1537 853 1584 tales
887 1536 1124 1599 epistulas
1158 1536 1202 1583 in
1239 1536 1374 1584 Italia
1409 1553 1507 1584 non
1544 1536 1743 1600 ignotas
1788 1535 1951 1584 fuisse.

388 1621 516 1668 Nam
563 1621 831 1668 secundum
874 1618 1189 1667 Iamblichum
1237 1619 1387 1667 homo
1430 1619 1708 1682 nescioquis
1742 1636 1855 1667 curn
1889 1618 1953 1668 de

389 1704 661 1759 animorum
696 1702 854 1750 reditu
890 1719 999 1749 cum
1033 1701 1318 1767 Pythagora
1358 1712 1571 1750 certaret
1615 1702 1733 1750 dixit
1777 1702 1952 1746 ἐπειδὰν

389 1788 446 1836 εἷς
476 1786 586 1842 ᾅδου
612 1784 744 1844 μέλλῃ
776 1786 1071 1843 καταβαίνειν,
1102 1788 1203 1841 πρὸς
1244 1787 1318 1829 τὸν
1351 1785 1514 1839 πατέρα
1546 1785 1697 1829 δώσειν
1728 1785 1952 1840 ἐπιστολήν

389 1881 440 1918 et
475 1869 612 1917 iussit
647 1868 795 1927 λαβεῖν
828 1871 990 1925 ἑτέραν,
1022 1871 1128 1912 ὅταν
1161 1871 1314 1924 ἐπανίῃ
1346 1872 1462 1924 παρὰ
1494 1874 1565 1912 τοῦ
1593 1873 1764 1924 πατρὸς.

452 1952 554 2000 Iarn
586 1953 809 2000 videmus
844 1952 1092 2000 literarum
1128 1952 1470 2016 sepulcralium
1490 1969 1678 2000 morem
1697 1953 1762 2000 ad
1779 1952 1951 2016 Pytha-

387 2052 573 2100 goreos
606 2035 918 2083 referendum
954 2051 1081 2091 esse,
1112 2044 1163 2082 et
1181 2035 1305 2082 haec
1324 2035 1571 2083 conclusio
1591 2036 1670 2083 vix
1687 2036 1951 2085 temeraria

388 2134 500 2166 esse
535 2118 751 2166 videtur:
790 2118 1051 2181 antiquitus
1085 2109 1184 2166 non
1221 2117 1550 2181 Orphicorum
1586 2119 1677 2166 sed
1710 2119 1952 2184 Pythago·

387 2217 584 2249 reorum
635 2201 785 2249 moris
848 2200 1012 2258 fuisse,
1074 2211 1127 2248 ut
1178 2201 1348 2249 literae
1399 2201 1700 2265 sepulcrales
1749 2201 1952 2250 mortuis

387 2283 708 2341 traderentur,
757 2293 807 2332 et
854 2296 1050 2332 nostros
1094 2283 1335 2332 thiasotas
1377 2284 1468 2332 hac
1514 2285 1560 2332 in
1597 2284 1950 2333 consuetudine

388 2383 754 2430 perseverasse.

733 2481 764 2543 ἓ
800 2495 842 2541 3.
880 2480 956 2528 De
993 2479 1150 2528 Getico
1182 2480 1432 2528 Zalmoxz's
1464 2480 1608 2528 cultu.

452 2573 609 2622 Aliter
637 2585 804 2622 autem
834 2575 1001 2622 Maass
1030 2575 1223 2632 iudicat,
1252 2575 1334 2639 qui
1363 2591 1472 2622 cum
1501 2574 1649 2623 literis
1672 2592 1702 2624 a
1726 2575 1948 2624 Diodoro

387 2657 784 2705 commemoratis
830 2657 989 2720 primo
1034 2656 1239 2705 laminas
1282 2657 1528 2705 Thurinas
1564 2657 1947 2723 Petelinamque‚

387 2739 564 2787 deinde
589 2756 675 2788 eas
693 2739 858 2788 literas
876 2757 1000 2803 quas
1018 2750 1245 2788 auctores
1264 2740 1522 2789 Christiani
1540 2741 1603 2789 ab
1622 2740 1732 2804 ipso
1751 2740 1948 2790 Christo

386 2821 491 2870 sive
540 2838 570 2870 a
620 2822 778 2871 Maria
827 2823 931 2872 sive
982 2823 1045 2871 ab
1097 2823 1203 2871 aliis
1254 2824 1319 2872 ad
1369 2823 1541 2871 fideles
1591 2824 1767 2872 missas
1833 2842 1947 2874 esse

454 2922 484 2974 1)
512 2923 673 2972 Plinius,
701 2925 752 2963 N.
783 2926 839 2964 H.
867 2925 1039 2974 XXXV,
1073 2926 1160 2965 160.

454 2993 486 3043 2)
515 2993 633 3033 Diod.
662 2995 713 3034 V.
743 2996 813 3045 ²85
842 2995 934 3034 vide
960 3009 1081 3046 supra
1107 3001 1127 3043 ἓ
1156 3010 1192 3036 2.

453 3058 486 3110 3)
515 3060 666 3108 Iambl.,
694 3061 743 3099 V.
772 3061 815 3099 P.
843 3074 879 3100 c.
907 3061 1028 3099 XXX
1055 3066 1074 3108 ἓ
1107 3061 1193 3110 178.
