2176 3450
1168 360 1229 419 58

1012 495 1076 544 D.
1133 495 1394 544 Conclusio.

478 633 617 682 Diels
661 650 838 682 omnes
871 633 1079 681 laminas
1114 631 1273 695 quarti
1307 630 1489 679 saeculi
1525 648 1639 680 esse
1673 631 1788 680 olim
1804 634 1839 696 1)
1867 632 1981 681 iudi-

411 716 538 765 cavit
578 716 668 765 sed
712 733 839 764 nunc
886 716 950 777 (in
996 714 1204 780 egregia
1248 723 1414 762 textus
1457 714 1696 775 editione)
1740 715 1887 764 tertio
1931 725 1983 764 et

411 809 590 863 quarto
640 799 841 847 saeculo
885 797 1147 862 asscripsit.
1184 796 1424 846 Videmus
1458 807 1624 846 autem
1658 798 1753 847 hoc
1787 809 1982 862 tempus

410 899 509 930 non
555 881 764 930 saeculis
810 882 1005 929 duobus
1046 881 1298 929 terminari
1339 881 1430 929 sed
1465 881 1531 929 ad
1564 881 1771 930 duorum
1806 881 1982 930 decen-

411 965 604 1013 niorum
655 965 867 1028 spatium
913 964 1076 1028 potius
1122 963 1446 1028 redigendum
1492 981 1620 1022 esse,
1666 964 1781 1013 dico
1825 980 1983 1013 annos

410 1047 593 1096 saeculi
638 1047 705 1094 IV
751 1047 977 1095 exeuntis
1023 1056 1075 1095 et
1119 1046 1300 1094 saeculi
1346 1046 1408 1094 ΙΙΙ
1452 1047 1674 1096 ineuntis.
1718 1047 1882 1110 Quam
1915 1046 1982 1096 ad

411 1130 648 1194 temporis
709 1130 953 1178 rationem
1015 1130 1287 1194 scripturae
1345 1147 1507 1194 genus
1567 1147 1678 1178 cum
1740 1130 1980 1194 pictorum

409 1230 641 1261 vasorum
690 1222 797 1261 arte
842 1212 1073 1261 collatum
1121 1229 1215 1260 nos
1261 1212 1476 1260 deduxit.
1523 1212 1980 1278 Palaeographicae

410 1296 538 1344 enim
567 1296 636 1343 rei
660 1296 900 1344 rationem
925 1296 1206 1344 habendam
1236 1312 1348 1344 esse
1373 1295 1565 1360 opinor,
1592 1296 1685 1344 etsi
1709 1295 1929 1344 Reinach
1943 1297 1977 1359 ²)

409 1378 506 1427 hoc
542 1389 705 1444 negat,
742 1379 823 1443 qui
858 1379 981 1427 haec
1012 1379 1117 1427 fere
1148 1378 1362 1442 scripsit:
1395 1378 1502 1437 „La
1529 1379 1644 1427 date
1675 1389 1752 1427 est
1780 1379 1980 1427 donnee

410 1479 510 1509 non
554 1478 645 1525 par
689 1461 738 1509 la
782 1461 1090 1526 paleografie
1137 1461 1226 1510 des
1270 1462 1598 1526 inscriptions,
1642 1462 1766 1510 mais
1810 1478 1901 1526 par
1933 1461 1981 1510 la

410 1544 709 1593 decouverte
743 1545 808 1593 de
842 1561 988 1593 vases
1022 1545 1052 1592 ὲ
1087 1544 1252 1609 figure
1287 1562 1445 1610 rouge
1480 1545 1544 1593 de
1591 1545 1717 1609 style
1763 1543 1979 1594 recent.”

410 1627 516 1675 Sed
551 1645 671 1676 vasa
707 1627 840 1693 picta
880 1645 971 1691 per
1016 1645 1071 1676 se
1115 1638 1340 1692 spectata
1387 1629 1572 1676 incerta
1615 1629 1790 1678 indicia
1832 1628 1979 1688 dant,

410 1727 640 1764 vasorum
682 1711 811 1758 enim
868 1721 976 1759 arte
1034 1711 1207 1759 ductus
1259 1711 1553 1775 Cavallari⁸)
1603 1711 1833 1761 laminam
1882 1711 1978 1759 Th.

410 1803 635 1857 quartam
671 1794 842 1857 quinto
885 1794 1083 1842 saeculo
1125 1794 1358 1858 ascripsit,
1402 1795 1583 1843 deinde
1624 1795 1930 1843 Lenormant
1942 1796 1979 1859 ⁴)

410 1893 543 1925 anno
588 1876 693 1924 fere
744 1892 842 1937 400
893 1894 990 1925 non
1044 1878 1285 1941 antiquius
1330 1878 1607 1926 ducendam
1653 1895 1767 1926 esse
1813 1878 1978 1936 edixit,

409 1970 666 2024 postremo
719 1959 1028 2024 Comparetti
1051 1962 1083 2023 ⁵)
1140 1959 1322 2008 saeculi
1382 1961 1540 2024 quarti
1591 1961 1816 2010 exeuntis
1866 1977 1979 2010 esse

410 2043 695 2106 suspicatur.
1105 2098 1109 2101 ,

477 2125 602 2173 Cum
639 2126 855 2174 carmina
889 2126 1077 2175 tantillo
1111 2128 1349 2192 temporis
1377 2128 1537 2191 spatio
1567 2128 1693 2176 inter
1721 2144 1777 2176 se
1795 2127 1980 2176 distent

409 2209 701 2258 laminarum
733 2210 1114 2273 discrepantiam
1148 2228 1244 2258 non
1282 2211 1429 2259 variis
1462 2211 1771 2274 temporibus
1805 2210 1979 2259 deberi

410 2303 631 2356 apparet.
675 2294 853 2356 Neque
894 2294 997 2341 veri
1038 2294 1193 2341 simile
1235 2304 1312 2341 est
1363 2294 1492 2343 circa
1543 2311 1587 2342 a.
1633 2310 1727 2356 300
1760 2311 1805 2342 a.
1858 2292 1978 2342 Chr.

409 2376 571 2424 varias
618 2375 767 2423 fuisse
812 2387 975 2425 sectas
1020 2377 1364 2435 thiasotarum3
1413 2395 1589 2426 omnes
1632 2378 1763 2425 enim
1798 2377 1978 2426 eadem

411 2459 620 2507 formula
654 2460 727 2507 usi
762 2470 874 2507 sunt
906 2461 917 2474 ‘
943 2460 992 2507 ἐκ
1023 2465 1235 2521 καθαρῶν
1261 2459 1441 2522 καθαρά
1467 2461 1478 2476 ’
1518 2478 1581 2509 ex
1621 2477 1719 2524 qua
1757 2460 1978 2524 sequitur

411 2559 501 2590 eos
536 2542 809 2591 eorundem
843 2543 1089 2591 initiorum
1124 2543 1387 2607 participes
1421 2542 1586 2592 fuisse.

482 2751 510 2802 1)
542 2751 662 2790 Anno
693 2761 808 2801 1907,
836 2751 1049 2791 Philotesia
1076 2764 1115 2802 p.
1147 2764 1212 2802 43.

478 2815 507 2863 2)
534 2814 729 2865 Reinach‚
757 2817 900 2855 Revue
927 2816 1260 2867 Archeologique,
1289 2817 1481 2866 XXXIX,
1511 2830 1547 2857 a.
1580 2830 1676 2868 1901
1709 2830 1750 2868 p.
1780 2830 1867 2856 202.

477 2881 506 2927 ³)
533 2880 741 2931 Cavallari,
770 2881 899 2921 Notiz.
929 2882 968 2921 d.
997 2881 1126 2931 Scavi,
1159 2883 1272 2932 1879,
1301 2896 1341 2933 p.
1373 2893 1462 2933 552.

474 2945 508 2991 4)
533 2947 793 2995 Lenormant,
820 2947 858 2985 la
885 2947 1050 2986 Grande
1078 2947 1208 2987 Grece
1235 2949 1254 2986 I
1281 2961 1320 2998 p.
1351 2961 1443 2998 322.

478 3010 507 3056 ⁵)
535 3011 798 3062 Comparetti,
827 3013 940 3052 Lam.
971 3012 1058 3052 Orf.
1086 3026 1126 3064 p.
1155 3023 1192 3062 7.
