2176 3450
1110 309 1171 356 88

1231 477 1239 486 .
1259 477 1268 486 .
1289 475 1298 485 .
1320 476 1328 486 .
1347 445 1608 496 παμμήστορι
1639 442 1806 495 Μοῖραι

481 536 532 586 τῇ
562 547 625 573 τοι
658 533 824 582 γάννυα
855 530 1039 577 πιαίνεις
1071 532 1121 583 τῇ
1152 532 1215 582 σῇ,
1248 525 1373 568 κλυτὲ
1410 524 1577 580 δαῖμον,

482 613 730 656 δεσποτείαι·
762 615 830 656 τὶν
861 617 1005 656 πάντα
1036 610 1244 665 δαμαστά,
1279 609 1362 669 [τὰ]
1397 616 1540 652 πάντα
1571 611 1801 663 κρατυντά,

484 699 744 755 ἐμβρόντητοι
775 696 821 739 δὲ
852 698 1006 738 πάντ-α’
1041 692 1130 751 [τὰ]
1164 697 1331 748 Μοίρης
1361 691 1517 748 τλητέα
1547 698 1701 748 πάντη.

431 797 673 863 Distingui
724 797 856 845 enim
907 813 1005 844 non
1057 805 1264 859 possunt
1284 796 1317 858 ¹)
1369 798 1562 858 κεραυνῷ
1595 796 1825 857 πληγέντες
1875 802 1927 842 et

363 881 744 942 ἐμβροντηθέντες.
1846 939 1848 941 ¹

430 962 543 1024 Qua
586 962 650 1010 de
696 972 855 1010 morte
901 972 1097 1010 veteres
1138 960 1247 1024 plus
1282 976 1431 1024 quam
1465 958 1687 1008 hodierni
1722 959 1927 1009 fabulari

365 1046 616 1094 solebant:

583 1145 764 1196 πολλοὺς
794 1149 872 1200 γάρ
902 1148 1081 1204 βροντῆς
1112 1146 1261 1200 πνεῦμ’
1291 1148 1477 1200 ἄναιμον
1508 1143 1720 1202 ὤλεσεν.’)

430 1253 721 1301 Praesertim
757 1263 920 1302 autem
956 1253 1004 1301 in
1039 1253 1173 1301 Italia
1207 1252 1435 1301 inferiore
1469 1252 1562 1301 hac
1595 1252 1661 1300 de
1692 1269 1747 1301 re
1765 1269 1929 1301 sermo

367 1335 515 1384 fuisse
565 1336 786 1394 videtur3
844 1336 891 1384 in
936 1345 1152 1384 mentem
1197 1335 1339 1383 nobis
1381 1331 1672 1384 revocamus
1711 1335 1930 1401 Japyges

366 1422 414 1477 ἐξ
438 1418 623 1480 ου’ρανοῦ
643 1422 935 1478 βαλλομένους
958 1424 1065 1482 πυρὶ
1089 1423 1161 1466 καὶ
1183 1423 1328 1479 χαλκῷ
1357 1418 1560 1483 (Athen.
1597 1417 1685 1467 XII
1721 1434 1796 1479 24,
1817 1424 1931 1481 523)

367 1510 418 1549 et
462 1501 763 1550 Tarentinos
810 1519 935 1566 quos
979 1502 1029 1550 τὸ
1054 1500 1275 1561 δαιμόνιον
1287 1500 1570 1564 ἐκεραύνωσε.
1623 1502 1705 1550 De
1755 1502 1952 1567 quibus·

367 1583 566 1632 Charax
590 1585 636 1632 in
653 1585 777 1633 libro
796 1596 972 1649 quarto
990 1586 1197 1634 vitarum
1226 1585 1377 1649 (apud
1394 1585 1576 1634 Athen.
1596 1585 1698 1643 XII,
1720 1601 1795 1648 23,
1817 1588 1930 1651 522)

368 1666 492 1715 haec
536 1667 640 1716 fere
685 1668 889 1716 rettulit:
943 1668 1197 1717 Tarentini
1236 1669 1482 1734 Japygum
1527 1668 1761 1733 oppidum
1801 1686 1849 1735 q.
1885 1686 1929 1718 e.

369 1751 571 1813 Κάρβινα
599 1761 1021 1817 expugnaverunt,
1058 1768 1120 1800 ex
1154 1769 1254 1816 quo
1287 1768 1486 1816 pueros,
1521 1751 1736 1817 virgines
1759 1751 1934 1808 καὶτοῖς

369 1829 414 1875 ἐν
448 1827 564 1890 ἄκμῇ
601 1837 803 1887 γυναῖκας
840 1829 1131 1892 ἀθροίσαντες
1167 1832 1232 1884 εἰς
1275 1829 1331 1876 w*
1373 1833 1458 1877 τῶν
1503 1833 1792 1892 Καρβινατῶν
1833 1828 1934 1891 ἱεροὶ

370 1900 783 1964 σκηνοποιησάμενοι
811 1903 950 1962 γυμνοὶ
981 1908 1090 1951 πᾶσι
1119 1907 1197 1966 τῆς
1227 1903 1393 1965 ἡμέρας
1421 1902 1476 1950 τοὶ
1506 1900 1688 1962 σώματα
1725 1910 1934 1966 παρεῖχον

370 1981 561 2036 θεωρεῖν
584 1980 656 2024 καὶ
681 1976 705 2023 ὁ
726 1975 989 2036 βουλόμενος
1013 1976 1222 2041 καθάπερ
1248 1980 1313 2032 εἰς
1331 1977 1468 2039 οἷτυχῆ
1479 1980 1754 2040 παραπηδῶν
1765 1975 1934 2039 ἀγέλην,

370 2052 573 2096 ἐθοινᾶτο
609 2058 706 2104 ταῖς
741 2050 1004 2109 ε’πιθυμιαῖς
1038 2052 1115 2114 τήν.
1138 2057 1223 2099 τῶν
1247 2052 1580 2113 ἀθροισθέντων
1604 2050 1738 2114 ὥραν,
1762 2047 1935 2098 πάντων

369 2126 448 2181 μὲν
470 2121 680 2186 ὁρώντων,
703 2122 892 2182 μα’λιστα
928 2129 977 2173 δὲ
1013 2123 1071 2173 ὧν
1107 2127 1260 2188 ἥκιστα
1298 2126 1454 2173 ἐκεῖνοι
1490 2121 1768 2187 προσεδόκων
1802 2128 1934 2171 θεῶν.

371 2198 483 2244 οὕτω
506 2200 554 2244 δὲ
566 2197 616 2244 τὸ
628 2196 846 2256 δαιμόνιον
861 2197 1125 2262 ἠγανάκτησε
1139 2200 1251 2248 ὥστε
1271 2202 1544 2262 Ταραντίνων
1557 2198 1657 2253 τούς
1675 2197 1721 2245 ἕν
1732 2201 1934 2262 Καρβίνῃ

372 2269 764 2333 παρανομήσαντας
791 2271 1060 2336 ἐκεραύνωσε
1080 2272 1245 2328 πάντας
1269 2278 1340 2321 καὶ
1359 2276 1486 2336 μέχρι
1501 2277 1572 2321 καὶ
1591 2278 1664 2320 νῦν
1679 2272 1726 2321 ἐν
1745 2269 1936 2334 Τάραντι

372 2342 530 2407 ἑκάστη
555 2350 640 2392 τῶν
663 2348 821 2403 οἰκιῶν,
847 2347 976 2402 ὅσους
1000 2347 1245 2407 ἀπεδέξατο
1268 2353 1353 2395 τῶν
1385 2350 1450 2401 εἰς
1482 2347 1708 2407 Ἰαπυγίαν
1737 2346 1935 2408 ἐκπεμφ-

372 2421 552 2476 θέντων,
577 2418 790 2474 τοσαύτας
814 2422 900 2478 ἔχει
925 2419 1086 2478 στήλας
1120 2421 1207 2485 πρὸ
1238 2426 1322 2468 τῶν
1353 2425 1519 2484 θυρῶν,
1551 2421 1623 2482 ἐφ’
1655 2418 1726 2475 αἷς
1755 2418 1859 2468 καθ’
1887 2415 1936 2466 ὃν

373 2490 599 2540 &nmmo
638 2492 790 2556 χρόνον
827 2495 915 2541 οὔτ’
950 2499 1205 2552 οἰκτίζονται
1248 2495 1349 2550 τούς
1380 2495 1693 2553 ἀποιχομένους
1727 2493 1826 2542 οὔτε
1858 2492 1938 2547 τοῖς

373 2570 580 2624 νομίμους
602 2570 769 2625 χέονται
791 2567 909 2626 χοοὲς,
934 2569 1045 2617 οἷλλοέ
1071 2567 1231 2617 θύουσι
1254 2574 1329 2617 Διὶ
1353 2566 1607 2629 καταιβάτῃ.

438 2646 689 2695 Tarentini
730 2647 874 2714 igitur
915 2649 1177 2713 antiquitus
1211 2649 1308 2698 iam
1338 2649 1511 2712 Jovem
1545 2647 1628 2712 qui
1658 2648 1938 2705 καταπέμπει

374 2730 474 2784 τούς
497 2730 730 2793 κεραυνούς
779 2732 1047 2781 coluerunt.
1101 2733 1342 2781 Homines
1393 2743 1573 2788 autem,
1625 2745 1832 2795 quorum
1887 2727 1935 2776 in

446 2905 476 2954 1)
504 2906 567 2945 Cf.
595 2906 700 2945 Xen.
729 2906 837 2945 Hell.
867 2907 924 2943 IV
952 2916 1030 2955 7‚7.

444 2970 472 3017 9)
500 2970 710 3022 Euripides
737 2971 846 3022 apud
874 2971 990 3019 Plut„
1018 2970 1069 3019 Q.
1093 2971 1223 3010 ConV.
1247 2971 1318 3019 IV,
1343 2983 1364 3008 2
1389 2968 1580 3015 (Dindorf
1596 2967 1642 3006 fr.
1665 2971 1774 3017 972).
