2176 3450
1143 361 1200 408 72

389 484 530 533 facile
581 484 765 532 creditu
818 494 894 532 est
943 483 1288 548 Pythagoreos
1339 500 1448 531 cum
1499 483 1628 531 illam
1685 484 1749 532 de
1807 483 1949 533 coelo

387 577 618 632 terraque
641 567 891 615 hominum
917 566 1206 631 parentibus
1231 566 1538 623 sententiam,
1559 575 1659 614 tum
1695 566 1949 630 mysticum

388 650 453 698 de
499 667 736 714 cypresso
780 648 1058 713 symbolum
1110 665 1140 697 a
1186 648 1507 696 Cretensibus
1552 648 1644 697 sibi
1689 649 1950 698 ascivisse?

388 733 685 797 Porphyrius
706 733 738 795 1)
791 742 958 780 narrat
1007 731 1340 796 Pythagoram
1391 731 1438 779 in
1489 731 1692 780 Cretam
1739 732 1949 790 venisse,

388 815 552 880 Morgi
587 825 772 879 mystas
806 815 998 871 adiisse,
1040 815 1087 861 in
1133 814 1332 862 Idaeum
1379 823 1571 862 antrum
1615 814 1950 873 descendisse,

382 898 514 961 Jovis
532 898 760 946 thronum
779 906 1033 960 spectasse
1057 906 1108 945 et
1131 896 1178 944 in
1204 913 1267 945 eo
1291 897 1602 962 epigramma
1627 897 1948 962 inscripsisse:

623 1007 705 1059 ὧδε
736 1016 889 1060 θανὼν
923 1021 1058 1059 κεῖται
1083 1020 1190 1069 Ζάν,
1222 1017 1273 1060 ὃν
1305 1017 1391 1059 Δία
1422 1015 1714 1070 κικλήσκουσιν

387 1134 569 1183 deinde
597 1135 644 1183 in
673 1135 856 1183 Italiam
886 1152 942 1183 se
970 1135 1236 1184 contulisse
1261 1145 1312 1184 et
1330 1135 1672 1184 Crotoniatum
1692 1136 1739 1184 in
1757 1135 1952 1184 civitate

387 1217 678 1266 domicilium
725 1217 1010 1266 collocasse.
1064 1218 1225 1281 Quam
1277 1219 1608 1267 narrationem
1660 1218 1901 1266 Harrison
1916 1219 1951 1281 ³)

388 1316 783 1349 commemorans
824 1301 1030 1349 coniecit
1064 1302 1399 1367 Pythagoram
1434 1318 1465 1350 a
1498 1300 1650 1350 Creta
1685 1301 1733 1349 in
1768 1300 1953 1350 ltaliam

388 1383 505 1431 ritus
524 1382 775 1447 Orphicos
791 1384 1110 1433 transtulisse.
1131 1385 1287 1433 Nobis
1304 1395 1470 1434 autem
1489 1394 1744 1449 praestare
1765 1384 1955 1432 videtur

388 1482 551 1530 neque
587 1467 651 1515 de
685 1466 939 1531 Porphyrii
974 1466 1080 1515 fide
1105 1467 1335 1516 historica
1362 1468 1612 1531 disputare
1630 1483 1792 1531 neque
1809 1483 1955 1531 quae-

388 1566 500 1596 rere
546 1559 705 1597 utrum
740 1550 846 1613 ipse
881 1550 1190 1615 Pythagoras
1225 1567 1288 1599 an
1319 1550 1540 1599 asseclae
1566 1551 1670 1599 eius
1699 1548 1955 1598 nonnullas

389 1632 715 1696 cogitationes
749 1649 916 1681 sacras
950 1650 979 1681 a
1015 1632 1336 1682 Cretensibus
1369 1634 1457 1682 sibi
1492 1633 1752 1682 asciverint
1766 1634 1816 1692 ³).

439 1715 555 1767 Sed
589 1716 719 1764 unde
753 1716 864 1773 abii,
897 1716 1070 1764 redeo:
1108 1716 1309 1764 Petelini
1334 1717 1714 1780 Cretensesque,
1750 1732 1953 1780 prorsus

389 1798 569 1847 eodem
604 1799 755 1847 modo
790 1816 848 1847 ac
881 1798 1086 1848 Titanes
1121 1799 1277 1848 Coelo
1311 1799 1571 1864 Terraque
1594 1799 1881 1864 parentibus
1899 1815 1954 1847 se

389 1891 526 1929 ortos
559 1899 671 1931 esse
705 1882 1028 1938 crediderunt,
1065 1883 1156 1931 sed
1191 1899 1352 1947 neque
1377 1883 1466 1946 ipsi
1492 1883 1669 1931 mortui
1694 1883 1740 1930 in
1765 1882 1955 1931 laminis

389 1964 554 2012 dicunt
588 1982 642 2013 se
676 1982 706 2013 a
739 1965 999 2013 Titanibus
1033 1975 1193 2014 ortum
1229 1966 1437 2029 cepisse,
1465 1983 1625 2030 neque
1650 1965 1954 2031 argumentis

388 2048 722 2111 probabilibus
773 2049 1115 2100 demonstrari,
1150 2060 1316 2113 potest
1368 2048 1638 2113 Orphicum
1669 2049 1856 2114 dogma
1889 2047 1955 2096 de

390 2130 667 2179 hominibus
707 2149 736 2180 e
783 2131 1016 2180 Titanum
1057 2132 1320 2198 κεραυνώσει
1361 2132 1480 2181 ortis
1525 2132 1570 2179 in
1616 2149 1705 2180 eos
1755 2131 1951 2180 cadere.

390 2213 565 2278 Longe
599 2225 767 2263 autem
803 2215 943 2263 aliter
977 2215 1069 2263 hac
1107 2215 1170 2262 de
1207 2231 1261 2263 re
1287 2215 1572 2278 Harrison⁴)
1603 2215 1794 2272 iudicat,
1825 2230 1954 2279 quae

389 2298 614 2346 carminis
649 2298 876 2362 supplicis
911 2316 955 2346 v.
995 2314 1021 2359 3
1058 2298 1324 2346 britannice
1358 2307 1581 2347 vertens:

459 2474 486 2522 Ἰ)
516 2475 768 2527 Porphyrius,
798 2478 848 2516 V.
876 2478 991 2528 Pyth.
1025 2490 1086 2526 17.

457 2539 486 2589 2)
516 2541 725 2591 Harrison,
766 2543 867 2582 Prol.
909 2556 948 2593 p.
990 2544 1092 2593 598:
1136 2543 1307 2590 „Found
1348 2556 1390 2581 as
1433 2543 1526 2593 they
1570 2555 1636 2581 are
1657 2541 1699 2581 in
1727 2542 1846 2582 Crete
1872 2540 1955 2581 and

389 2604 528 2644 Lower
555 2607 667 2658 Italy,
704 2607 735 2646 it
762 2607 794 2647 is
823 2621 933 2647 more
961 2608 1151 2659 probab³e
1180 2609 1265 2647 that
1294 2609 1405 2646 these
1433 2608 1576 2647 tablets
1604 2607 1706 2646 refer
1732 2615 1774 2647 to
1802 2604 1955 2658 Orphic

390 2673 596 2720 mysteries
634 2685 733 2724 pure
768 2674 850 2712 and
887 2673 1028 2724 simple
1064 2674 1200 2712 before
1228 2673 1380 2724 Orphic
1408 2673 1500 2712 rites
1529 2673 1630 2711 have
1657 2671 1833 2711 blended
1862 2669 1955 2710 with

390 2739 504 2778 those
531 2739 576 2777 of
599 2739 667 2777 the
694 2738 934 2778 Wine-God.
962 2738 1166 2789 (Sequitur
1193 2737 1399 2789 Porphyrii
1428 2737 1602 2777 narratio
1630 2738 1681 2776 de
1701 2737 1954 2788 Pythagora).

389 2804 479 2842 The
507 2810 613 2854 story
640 2804 753 2842 looks
780 2816 823 2842 as
851 2803 884 2841 if
906 2804 1151 2854 Pythagoras
1180 2803 1258 2842 had
1286 2803 1460 2854 brought
1487 2811 1530 2842 to
1558 2803 1660 2852 Italy
1697 2803 1798 2841 from
1834 2802 1955 2841 Crete

390 2868 543 2919 Orphic
571 2869 663 2907 ritcs
689 2868 731 2907 in
756 2869 807 2907 all
834 2868 935 2907 their
961 2867 1161 2919 primitive
1188 2867 1424 2907 freshness.¹’

459 2934 488 2983 3)
517 2934 580 2972 Cf.
608 2934 765 2982 Rohde,
793 2934 946 2984 Psyche
974 2934 1005 2983 1,
1039 2947 1125 2984 130,
1154 2934 1237 2972 Der
1265 2932 1523 2972 Griechische
1558 2931 1749 2981 Roman2,
1785 2945 1826 2983 p.
1864 2941 1955 2982 273.

456 2999 488 3049 4)
515 2998 724 3047 Harrison,
754 2999 855 3038 Prol.
883 3012 924 3050 p.
953 2999 1042 3049 588.
