2176 3450
1169 352 1231 412 98

421 508 580 556 pauca
626 499 744 539 nota
789 498 916 548 sunt,
964 505 1093 553 quae
1141 487 1381 535 Harrison
1402 489 1435 547 1)
1482 487 1669 551 optime
1703 486 1901 553 collegit
1934 497 1986 536 et

422 574 676 638 disposuit,
715 574 810 621 hoc
849 582 1015 620 tamen
1061 579 1248 619 certum
1294 579 1385 629 est,
1432 568 1584 618 κύκλον
1628 570 1893 634 antiquitus
1936 570 1984 619 in

422 657 662 722 mysteriis
706 656 976 704 adhibitum
1019 670 1131 702 esse
1178 653 1291 714 πρὸς
1322 657 1467 700 πᾶσαν
1500 652 1743 715 οἷφοσίωσιν
1772 657 1843 701 καὶ
1874 653 1985 702 ὀπο-

421 738 653 802 κάθαρσιν.
691 739 837 786 Adde
871 737 1006 801 quod
1046 736 1094 783 in
1134 734 1306 784 Italiae
1346 735 1589 784 inferioris
1628 736 1761 784 vasis
1793 735 1936 800 pictis
1948 737 1985 797 ⁸)

423 839 552 886 quae
590 821 856 869 Inferorum
898 821 1085 884 regiam
1127 818 1373 876 exhibent,
1409 827 1545 867 rotas
1578 819 1767 883 pariete
1801 819 1986 884 depen-

422 905 598 953 dentes
633 904 869 952 videmus.
917 902 1082 964 Quam
1115 903 1182 950 ob
1223 918 1425 950 causam
1473 901 1711 950 Harrison
1756 902 1988 966 opinatur

422 987 469 1035 in
510 987 723 1035 carmine
764 995 934 1034 nostro
975 1001 1081 1033 rem
1120 984 1372 1033 lustralem
1405 984 1582 1048 (wheel
1615 984 1676 1033 of
1703 974 1987 1050 Purgation)

422 1087 547 1118 voce
587 1087 633 1133 q.
653 1086 697 1118 e.
738 1067 891 1123 κύκλος
930 1068 1242 1133 designatam
1283 1084 1408 1116 esse.
1456 1067 1602 1130 Quae
1647 1068 1987 1132 interpretatio

422 1169 718 1217 quamquam
770 1151 1040 1216 probabilis
1088 1168 1201 1200 esse
1247 1151 1456 1209 videtur,
1503 1151 1620 1200 mihi
1666 1168 1764 1200 non
1810 1151 1985 1216 placet.

423 1236 639 1284 Heronis
688 1235 820 1283 enim
878 1244 929 1283 et
985 1234 1255 1283 Clementis
1311 1235 1590 1283 testimonia
1646 1235 1989 1284 demonstrant

422 1328 579 1366 rotam
630 1317 880 1366 lustralem
933 1318 981 1365 in
1031 1317 1184 1366 sacris
1234 1317 1532 1366 volvendam
1583 1317 1730 1367 fuisse
1781 1317 1985 1380 (Clem.:

421 1402 446 1449 ὁ
482 1401 634 1464 τροχός
666 1401 690 1448 ὁ
732 1398 1040 1463 στρεφόμενος,
1078 1400 1240 1449 Hero:
1287 1400 1440 1463 τροχὸν
1473 1401 1765 1464 στρεφόμενον
1788 1398 1987 1466 χάλκεον)

423 1494 473 1532 et
507 1501 536 1532 e
571 1483 823 1532 Theocriti
858 1483 1020 1547 idyllio
1054 1483 1093 1530 II
1133 1485 1196 1547 (V.
1235 1485 1321 1545 36:
1357 1483 1408 1531 τό
1436 1487 1613 1542 χαλκίον
1636 1485 1697 1539 ὦς
1719 1483 1848 1543 τάχος
1872 1484 1986 1549 ἄχει)

422 1577 631 1630 apparet
663 1566 791 1615 hanc
824 1576 984 1615 rotam
1019 1583 1136 1614 aere
1178 1565 1424 1630 repulsam
1465 1566 1664 1615 tinnitus
1705 1566 1936 1616 edidisse.
1953 1568 1989 1631 ⁸)

423 1649 492 1696 At
535 1649 664 1697 aliud
709 1659 787 1698 est
835 1659 996 1698 rotam
1045 1649 1251 1697 volvere
1301 1659 1353 1697 et
1403 1665 1525 1698 aera
1574 1666 1693 1698 aere
1744 1649 1988 1714 repellere

423 1731 492 1780 ita
535 1742 588 1779 ut
631 1732 829 1780 tinnitus
871 1742 1122 1788 resonent,
1168 1732 1299 1780 aliud
1344 1749 1373 1781 e
1417 1743 1528 1781 rota
1570 1731 1770 1781 evolare
1815 1732 1989 1798 (κύκλου

491 1892 520 1939 ¹)
551 1892 758 1942 Harrison,
785 1893 887 1932 Prol.
915 1906 955 1944 p.
986 1903 1060 1944 591
1091 1893 1143 1932 de
1170 1892 1320 1932 circulo
1347 1893 1455 1933 locos
1483 1892 1692 1944 exscripsit
1718 1894 1810 1933 hos:

423 1972 463 1999 a.
494 1958 644 1998 Psellus
672 1959 762 2010 (περὶ
784 1958 994 2008 δαιμόνων);
1022 1957 1115 2010 πυρὰ
1131 1957 1171 1994 δὲ
1186 1957 1299 1995 πολλὰ
1316 1959 1425 2009 κύκλῳ
1441 1960 1507 1995 τινὶ
1520 1961 1776 2011 περιγράφοντες
1789 1959 1991 2003 όξάλλονται

489 2030 549 2067 τῆς
589 2025 724 2074 φλογός.
763 2022 802 2063 ἦν
840 2023 880 2060 δὲ
913 2025 970 2060 καὶ
995 2029 1096 2069 τοῦτο
1122 2029 1182 2066 τῆς
1209 2025 1360 2066 παλαιᾶς
1387 2025 1565 2075 βακχείας,
1594 2026 1648 2062 ἵνα
1676 2026 1724 2075 μὴ
1751 2024 1838 2075 λε’-γυ
1865 2025 1991 2075 μανίας

490 2092 588 2142 μέρος
605 2119 614 2129 .
633 2119 641 2126 .
659 2119 666 2126 .
697 2089 714 2125 ὃ
741 2089 781 2126 δι’
806 2103 844 2139 γε
870 2090 987 2132 κύκλος
1014 2095 1164 2140 κατοχῆς
1191 2087 1264 2140 ἔχει
1289 2089 1449 2140 δύναμιν.

424 2157 461 2196 b.
489 2156 616 2195 Clem.
658 2155 784 2203 Alex„
826 2155 971 2194 Strom.
1013 2168 1051 2205 p.
1096 2168 1195 2203 242:
1235 2154 1296 2191 διὰ
1336 2154 1376 2191 δὲ
1416 2156 1613 2206 συμβόλων,
1654 2157 1699 2198 ὡς
1736 2155 1791 2193 ὅτε
1815 2154 1943 2208 τροχὸς
1971 2154 1990 2192 ‘0

490 2221 708 2273 στρεφόμενος
736 2221 768 2257 ἐν
795 2225 865 2262 τοῖς
891 2226 958 2257 τῶν
985 2222 1065 2256 θεῶν
1092 2221 1260 2270 τεμένεσιν
1287 2221 1499 2271 εἱλκυσμὲνος
1524 2220 1620 2273 παρὰ
1647 2221 1856 2270 Αἰγυπτίων.

422 2299 458 2328 c.
492 2288 602 2325 Hero
629 2286 757 2335 Alex,
783 2286 952 2325 Pneum.
979 2286 1010 2334 Ι,
1040 2298 1112 2335 32;
1139 2286 1178 2324 II
1208 2299 1280 2336 32:
1307 2291 1488 2339 Θησαυροῦ
1507 2288 1694 2327 aarum&
1709 2285 1837 2338 τροχὸν
1851 2284 1992 2337 ἔχοντος

489 2351 709 2403 στρεφόμενον
737 2351 881 2401 χάλκεον
909 2349 944 2392 ὃς
971 2351 1121 2387 καλεῖται
1148 2352 1376 2403 ἀγνιστήριον.

423 2417 463 2456 d.
491 2416 698 2456 Scholiast.
716 2416 769 2455 ad
786 2417 957 2455 Theoer.
972 2417 1011 2458 II
1030 2417 1102 2466 36:
1124 2416 1242 2468 διόπερ
1255 2416 1340 2468 πρὸς
1361 2420 1477 2454 πᾶσαν
1492 2419 1677 2467 ἀφοσίωσιν
1690 2418 1746 2454 καὶ
1759 2418 1990 2469 ἀποκάθαρσιν

490 2483 582 2532 αὐτῷ
609 2482 758 2533 ἐχρῶντο
785 2483 830 2523 ὥς
857 2495 935 2531 φησι
961 2482 1017 2518 καὶ
1044 2481 1302 2534 Ἀπολλόδωρος
1329 2483 1362 2519 ἐν
1389 2489 1437 2533 τῷ
1466 2483 1542 2533 περὶ
1567 2485 1661 2522 θεῶν.

491 2547 555 2586 Cf.
569 2547 750 2586 Maerob.
765 2547 816 2596 V,
835 2559 882 2596 19
899 2546 1093 2595 „omnino
1106 2554 1243 2586 autem
1271 2548 1325 2586 ad
1346 2561 1432 2587 rem
1454 2547 1632 2586 divinam
1648 2547 1841 2599 pleraque
1863 2559 1992 2588 aenea

425 2610 603 2651 adhibita
630 2611 745 2650 solita
772 2612 898 2650 multa
923 2610 1073 2650 indicia
1101 2619 1195 2651 sunt
1203 2627 1215 2662 ς,
1244 2620 1284 2651 et
1310 2612 1352 2651 in
1373 2612 1433 2652 his
1451 2612 1624 2652 maxime
1639 2611 1828 2662 sacris‚in
1843 2611 1992 2664 quibus

425 2675 591 2715 delinire
609 2676 775 2727 aliquos,
793 2683 863 2716 aut
883 2677 1092 2726 devovere,
1110 2684 1181 2716 aut
1197 2677 1375 2729 denique
1401 2677 1560 2729 exigere
1586 2679 1746 2718 morbos
1768 2677 1991 2719 solebant''.

493 2740 523 2786 2)
563 2740 668 2780 Vide
708 2741 899 2781 Winkleri
935 2741 1081 2781 librum
1123 2742 1227 2792 „Die
1265 2743 1523 2795 Darstellung
1562 2743 1634 2782 der
1666 2743 1889 2783 Unterwelt
1922 2742 1998 2782 auf

427 2806 818 2847 unteritalienischen
859 2808 1020 2847 Vasen''
1061 2809 1200 2861 (Bresl.
1242 2809 1381 2849 Philol.
1420 2810 1623 2850 Abhandl.
1667 2810 1783 2849 Band
1826 2810 1904 2860 ΙΙΙ)
1950 2815 1992 2849 et

426 2871 687 2912 Harrisoniae
714 2872 1028 2924 disputationem
1056 2875 1124 2914 1.1.

493 2936 524 2988 8)
550 2937 599 2973 Τὸ
632 2938 773 2988 χαλκίον
806 2938 918 2989 quod
949 2938 1094 2989 legitur
1125 2951 1163 2979 v.
1197 2940 1248 2990 36
1284 2939 1382 2979 nihil
1421 2939 1498 2979 nisi
1537 2940 1666 2992 ῥόμβος
1707 2940 1850 2991 χάλκεος
1894 2938 1990 2990 fuit;

427 3002 477 3040 cf.
505 3015 542 3040 v.
574 3015 645 3052 30:
672 3002 814 3040 ὃινεῖται
841 3002 898 3040 ’ὁδε
925 3004 1053 3056 ῥόμβος
1081 3004 1098 3041 ὀ
1126 3005 1283 3055 χάλκεος.
