2176 3450
1136 365 1195 412 28

383 501 528 549 fuisse
563 501 789 565 opinatur
822 519 868 565 q.
890 518 926 549 s.
964 500 1170 559 phanes,
1209 500 1508 558 Eubouleus‚
1549 501 1811 565 Dionysus.
1866 501 1947 549 Ad

383 601 529 647 quarn
571 584 863 632 sententiam
905 583 1327 631 corroborandam
1368 584 1433 631 ad
1475 583 1663 647 Orphei
1702 601 1875 633 versus
1915 600 1946 633 a

383 666 637 715 Macrobio
673 667 706 724 1,
750 668 822 725 18,
866 682 919 714 12
956 667 1160 714 traditos
1197 665 1407 730 relegari
1445 677 1630 731 potest3
1666 667 1946 716 Macrobius

384 748 514 796 enim
557 749 819 812 „Orpheus
859 765 1072 812 quoque,
1115 748 1281 812 inquit,
1317 748 1487 796 Solem
1520 748 1694 798 volens
1728 749 1944 815 intellegi

383 832 451 880 ait
485 832 610 879 inter
643 841 811 880 cetera
847 831 996 893 (Abel
1031 832 1085 879 fr.
1128 834 1261 894 167):

604 924 753 989 Τήκων
777 931 944 989 αἲθερα
968 931 1060 973 δῖον
1085 925 1282 989 οἷκίνητον
1307 931 1410 990 πρὶν
1433 925 1560 974 ἐόντα

595 1002 833 1068 ἐξανὲφηνε
860 1013 986 1060 θεοῖς
1009 1010 1150 1070 δῶρον
1174 1003 1401 1054 κάλλιστον
1424 1004 1619 1064 ἰδέσθαι,

593 1083 642 1131 ὃν
666 1085 722 1147 δὴ
744 1090 816 1132 νῦν
840 1082 1042 1132 καλέουσι
1069 1083 1246 1148 Φάνητά
1271 1106 1318 1133 τε
1342 1089 1416 1134 καὶ
1441 1084 1650 1134 Διόνυσον

594 1165 824 1226 Εὐβουλῆά
848 1164 885 1211 τ’
907 1166 1070 1213 ἄνακτα
1093 1170 1165 1213 καὶ
1189 1163 1429 1229 Ἀνταύγην
1453 1167 1673 1230 ἀρίδηλον.

592 1244 716 1292 ἄλλοι
740 1242 777 1291 δ’
797 1245 903 1292 ἄλλο
927 1249 1127 1293 καλοῦσιν
1151 1245 1416 1304 ἐπιχθονίων
1440 1245 1729 1306 ἅνθρώπων.”

445 1344 758 1410 Quamquam
783 1346 916 1394 hisce
941 1347 1163 1395 versibus
1188 1347 1427 1411 tripartita
1454 1347 1658 1411 Dionysi
1677 1348 1944 1397 incarnatio

382 1445 481 1476 non
515 1438 687 1492 aperte
723 1429 1021 1494 significatur
1056 1435 1304 1494 (quartum
1337 1431 1469 1479 enim
1494 1448 1676 1480 nomen
1706 1430 1947 1496 ’Λνταύγης
2000 1496 2001 1506 ¹

380 1511 588 1571 additur)
623 1523 787 1561 tamen
824 1512 1058 1562 faciamus
1093 1513 1188 1562 hoc
1213 1514 1282 1562 ita
1304 1530 1360 1562 se
1385 1514 1572 1563 habere
1597 1524 1650 1562 et
1673 1514 1944 1579 Orphicum

380 1594 444 1642 de
461 1595 616 1643 tribus
640 1595 844 1660 Dionysi
869 1597 1285 1645 ineat-nationibus
1309 1597 1494 1662 dogma
1518 1598 1768 1662 quondam
1794 1598 1944 1648 fuisse

381 1679 723 1726 concedamus.
767 1679 1022 1728 Hactenus
1063 1680 1338 1744 Gruppium
1378 1681 1518 1745 sequi
1553 1698 1832 1745 possumus.
1875 1682 1946 1730 At

382 1760 511 1808 idem
545 1761 592 1809 in
627 1761 819 1810 laminis
854 1763 1032 1810 nostris
1062 1779 1091 1811 e
1119 1763 1272 1811 tribus
1304 1763 1406 1812 istis
1435 1763 1515 1811 dei
1542 1764 1820 1813 nominibus
1845 1765 1944 1813 duo

380 1860 427 1907 q.
447 1861 485 1892 s.
514 1843 759 1903 Εὐβουλεύς
782 1855 833 1893 et
859 1843 1019 1908 Φάνης,
1033 1845 1131 1910 legi
1149 1855 1287 1910 putat
1305 1856 1357 1894 et
1374 1846 1547 1895 conicit
1564 1847 1610 1895 in
1630 1864 1693 1895 eo
1711 1847 1944 1907 carmine,

381 1944 443 1975 ex
471 1945 570 1992 quo
595 1945 765 1976 versus
788 1928 978 1977 laminis
1002 1930 1261 1994 inscriptos
1286 1940 1512 1994 sumptos
1536 1947 1649 1979 esse
1675 1930 1802 1990 fecit,
1829 1930 1946 1980 illud

380 2010 565 2075 dogma
578 2022 825 2060 cantatum
840 2013 1124 2076 esse.Quod
1136 2013 1303 2077 utique
1316 2013 1598 2078 negandum
1612 2030 1725 2062 esse
1737 2015 1942 2063 videtur.

446 2093 501 2141 In
525 2093 711 2143 laminis
734 2096 862 2143 enim
889 2113 1036 2143 unum
1061 2097 1251 2144 tantum
1279 2113 1309 2144 e
1337 2096 1492 2144 tribus
1527 2096 1629 2145 istis
1665 2098 1944 2147 nominibus

380 2175 572 2242 legitur,
608 2178 862 2235 Εὕβουλεύς,
888 2196 998 2226 cum
1023 2196 1203 2228 nomen
1233 2196 1279 2243 q.
1299 2197 1343 2228 e.
1374 2177 1522 2242 Φάνης
1543 2197 1785 2244 nusquam
1815 2180 1944 2229 exhi-

380 2259 525 2308 betur
545 2263 591 2320 l).
628 2259 778 2321 Quod
814 2279 993 2310 nomen
1029 2263 1258 2311 carminis
1280 2262 1375 2311 Th.
1402 2263 1557 2327 quinti
1579 2281 1624 2311 v.
1650 2278 1682 2323 4
1705 2264 1804 2329 legi
1827 2263 1943 2312 olim

379 2343 622 2407 putabant
665 2345 795 2401 (vide
837 2345 1297 2409 Murray-Harrison
1337 2364 1384 2410 p.
1429 2348 1564 2409 667);
1607 2364 1732 2394 nunc
1777 2356 1942 2395 autem

380 2436 574 2474 constat
613 2426 707 2474 hoc
746 2444 893 2476 versu
929 2445 1027 2476 non
1064 2446 1246 2477 nomen
1284 2430 1534 2493 quoddam
1568 2431 1818 2493 proprium
1852 2429 1944 2478 sed

379 2509 517 2557 verbi
541 2509 751 2558 formam
778 2509 944 2574 ἐφάνης
967 2512 1197 2575 scriptam
1222 2529 1334 2560 esse
1369 2513 1498 2576 (vide
1524 2513 1677 2570 Diels,
1697 2512 1941 2562 Festschr.

448 2688 478 2739 1)
504 2688 697 2728 Laminae
713 2690 919 2729 Thurinae
936 2691 1103 2741 quintae
1121 2704 1158 2731 v.
1179 2704 1204 2739 4
1221 2691 1366 2742 legitur
1383 2704 1408 2730 a
1428 2692 1576 2731 Dielsio
1591 2699 1631 2732 et
1645 2692 1941 2743 Comparettio:

378 2752 439 2793 ἡδὶ
465 2756 597 2804 Τύχαις
624 2755 741 2804 ἐφάνης
771 2753 844 2808 [καὶ
870 2754 974 2809 ὁμοῦ]
1003 2760 1225 2808 παμμήστορι
1247 2759 1373 2809 Μοίρᾳ.
1406 2757 1574 2808 Gruppe
1597 2757 1753 2809 scripsit
1776 2771 1812 2797 a..
1840 2771 1942 2809 1904

379 2818 435 2864 (in
452 2819 644 2858 Roscheri
657 2820 732 2859 lex.
749 2821 807 2859 111
820 2833 859 2871 p.
878 2827 1014 2871 2254)t
1039 2834 1152 2869 „nun
1167 2822 1379 2873 befriedigt
1395 2823 1465 2861 der
1490 2823 1941 2874 Herstellungsversuch

379 2884 450 2923 des
472 2883 635 2924 zweiten
650 2885 794 2924 Verses
808 2885 860 2931 (v,
880 2887 920 2934 4)
934 2899 1034 2925 zwar
1047 2887 1178 2925 weder
1192 2887 1284 2926 dem
1301 2888 1433 2926 Inhalt
1447 2888 1552 2926 nach
1568 2889 1673 2927 noch
1689 2888 1941 2927 hinsichtlich

379 2948 451 2987 der
478 2949 884 3001 palaeographischen
913 2951 1345 2991 Warscheinlichkeit”.
1387 2953 1467 2992 Sed
1495 2953 1603 2991 nulla
1633 2961 1693 2992 est
1720 2966 1842 2993 causa
1870 2966 1942 2992 cur

380 3012 517 3053 Dielsii
546 3016 1051 3066 „Herstellungsversuch”
1080 3017 1121 3055 in
1151 3017 1321 3056 dubium
1349 3030 1594 3057 revocemus.
