2176 3450
1157 353 1220 410 96

406 487 702 536 locutionem
735 487 827 535 κατ’
849 487 1148 548 α’στεροβλῆτα
1173 483 1397 548 Κεραυνόν
1431 485 1560 534 idem
1595 486 1876 552 significare
1910 504 1968 537 ac

407 570 631 618 carminis
674 569 901 633 supplicis
941 571 1118 617 verba:
1168 568 1244 615 σῦν
1286 567 1552 630 οἷστεροπῆτι
1595 574 1822 632 Κεραυνῷ.
1865 569 1969 619 Sed

407 652 499 700 hac
552 652 830 700 coniectura
875 668 972 699 non
1017 668 1143 714 opus
1189 660 1280 708 est,
1325 667 1435 698 cum
1481 651 1731 700 Hoimann
1775 653 1970 702 medela

406 752 522 784 usus
569 735 630 783 sit
663 734 815 782 multo
850 733 1048 781 leniore.
1087 733 1327 797 Repperit
1356 734 1483 782 enim
1513 751 1613 783 non
1639 736 1846 798 κεραυνόν
1877 735 1969 785 sed

406 822 622 880 κεραυνῶν
656 817 917 882 legendum
955 831 1080 873 esse,
1115 825 1165 864 et
1198 833 1291 880 pro
1332 817 1620 865 substantivi
1659 816 1866 877 κεραυνός
1893 835 1968 868 ac·

406 900 625 948 cusativo
654 900 960 963 participium
988 899 1124 947 verbi
1152 902 1371 963 κεραυνόω
1388 901 1421 959 1)
1450 899 1628 963 posuit.
1658 900 1796 966 Ergo
1823 900 1970 951 hexa-

406 993 562 1031 meter
596 993 762 1031 noster
795 982 863 1030 sic
897 982 943 1029 in
978 982 1222 1047 integrum
1256 983 1442 1030 restitui
1476 993 1666 1047 potest:

541 1082 685 1126 Ἀλλά
715 1101 764 1138 με
796 1085 928 1138 Μοῖρ’
962 1082 1165 1137 ἐδάμασσε
1199 1087 1271 1126 καὶ
1301 1083 1587 1142 οἷστεροβλῆτα
1619 1088 1836 1141 κεραυνῶν

470 1179 612 1241 Quae
648 1179 932 1227 emendatio
955 1179 1301 1242 probabilitate
1327 1179 1741 1245 palaeographica
1758 1181 1825 1230 ita
1841 1198 1969 1230 com-

404 1262 677 1320 mendatur,
699 1264 732 1325 Β)
783 1271 836 1309 ut
887 1272 1073 1309 tantum
1125 1279 1224 1311 non
1275 1279 1450 1311 omnes
1500 1263 1794 1327 interpretes
1857 1281 1969 1312 cum

404 1345 693 1393 Hofmanno
732 1344 933 1403 faciant3
977 1346 1152 1408 quibus
1191 1346 1424 1410 equidem
1465 1345 1676 1394 libenter
1715 1347 1967 1411 astipulor.

469 1429 520 1475 ln
543 1445 689 1476 versu
709 1428 775 1476 ita
794 1429 1060 1477 emendato
1089 1427 1391 1492 οἷστεροβλῆτα
1416 1434 1634 1492 κεραυνῶν
1651 1429 1777 1478 deus
1795 1430 1970 1478 dicitur

404 1512 484 1575 qui
535 1512 580 1559 in
626 1511 840 1559 carmine
885 1511 1092 1575 supplici
1128 1512 1377 1575 ἀστεροπῆς
1406 1510 1632 1570 Κεραυνὸς
1667 1513 1814 1562 audit.
1862 1515 1969 1562 Iam

404 1604 604 1659 rogatur
649 1594 765 1657 quid
811 1594 1066 1658 epitheton
1113 1595 1413 1658 οἷστεροβλῆτα
1441 1615 1482 1634 =
1509 1594 1833 1659 οἷστεροβλήτης
1874 1597 1968 1663 sig-

404 1677 586 1726 nificet.
640 1677 791 1739 Quod
825 1694 934 1724 cum
970 1677 1016 1725 in
1051 1678 1202 1726 literis
1236 1678 1443 1726 Graecis
1476 1677 1598 1726 alias
1632 1695 1731 1727 non
1771 1679 1969 1728 obvium

403 1761 478 1819 sit,
514 1760 764 1809 Hofmann
799 1760 922 1808 duas
956 1760 1370 1824 interpretationis
1393 1761 1497 1809 vias
1516 1762 1820 1821 monstravit,
1839 1780 1968 1828 quae

404 1855 516 1892 sunt
561 1848 640 1904 ‚‚1)
687 1844 794 1891 Der
830 1843 1034 1892 Dichter
1067 1844 1233 1892 dieser
1269 1844 1427 1892 Verse
1463 1844 1548 1892 hat
1583 1845 1661 1893 ein
1695 1845 1967 1910 Epitheton

404 1928 702 1991 οἷστεροβλῆτα
731 1948 773 1965 =
800 1927 1161 1990 α’στεροποβλῆτα
1186 1945 1279 1976 neu
1291 1927 1514 1992 gebildet
1527 1927 1967 1992 2)zua'ovs(›om.r2'g=

403 2007 647 2072 ἅστροβλής
689 2030 706 2052 ι
720 2026 835 2057 vom
854 2009 1185 2058 Sonnenstich
1203 2010 1476 2075 getroffem
1500 2011 1563 2058 ist
1581 2010 1658 2059 ein
1671 2013 1970 2078 ᾰστεροβλῆτα

410 2092 526 2140 »der
561 2092 646 2139 mit
680 2092 796 2140 dem
829 2092 1159 2141 Sonnenstich
1194 2093 1468 2142 treffende‹
1503 2110 1599 2142 neu
1633 2093 1966 2159 geschaffen.”

404 2174 626 2237 Quarum
678 2175 832 2224 altera
882 2176 1026 2224 nobis
1080 2176 1306 2240 displicet
1363 2177 1477 2240 quia
1533 2177 1599 2225 ad
1655 2177 1805 2226 deum
1856 2178 1968 2243 „qui

404 2258 520 2306 solis
554 2259 650 2306 ictu
685 2259 941 2307 interimit‘’
983 2259 1114 2307 ducit
1158 2270 1210 2308 et
1253 2259 1480 2308 carminis
1525 2260 1752 2325 supplicis
1795 2277 1968 2310 versus

404 2351 577 2405 aperte
611 2342 918 2390 demonstrat
952 2342 1016 2390 de
1050 2343 1248 2391 homine
1282 2359 1382 2391 non
1406 2342 1523 2391 solis
1541 2343 1637 2391 ictu
1656 2343 1747 2391 sed
1766 2343 1968 2392 fulmine

404 2424 699 2488 interempto
750 2424 827 2472 hic
877 2425 971 2490 agi.
1034 2425 1172 2474 Prior
1222 2436 1386 2474 autem
1437 2426 1517 2473 via
1567 2426 1728 2491 magis
1778 2426 1966 2492 placet3

406 2506 546 2555 facile
581 2507 708 2555 enim
744 2508 853 2556 fieri
888 2508 1049 2571 potuit
1081 2518 1133 2556 ut
1167 2508 1422 2572 epitheton
1457 2526 1503 2572 q.
1541 2525 1583 2557 e.
1608 2509 1968 2573 οἷστεροποβλῆτα

405 2591 476 2653 (=·-
486 2589 526 2636 F
528 2590 803 2655 ulminator)
814 2591 970 2639 abiret
986 2591 1033 2639 in
1046 2592 1345 2655 οἷστεροβλῆτα
1352 2608 1444 2656 per
1457 2591 1805 2658 haplologiam.
1816 2591 1968 2655 Quod

404 2672 701 2721 Brinkmann
723 2674 757 2737 ⁸)
791 2674 997 2738 egregie
1031 2673 1282 2723 illustravit
1317 2674 1555 2739 exemplis
1588 2692 1635 2739 q.
1655 2691 1693 2723 s.
1725 2671 1967 2739 ἅμφορεύς,

475 2798 505 2848 ¹)
532 2797 655 2846 Quod
681 2797 821 2838 vertit:
851 2798 1015 2848 „indem
1044 2811 1086 2838 er
1113 2798 1221 2838 mich
1248 2799 1686 2839 niederschmetterte”.

473 2862 504 2911 ⁹)
533 2861 597 2901 Sic
629 2862 672 2901 in
708 2862 886 2902 carmine
919 2862 1089 2915 supplici
1123 2869 1232 2901 ΔΙΟΝ
1268 2877 1342 2916 pro
1378 2870 1492 2902 ΑΙΩΝ
1529 2863 1722 2915 scriptum
1759 2871 1819 2904 est
1826 2877 1839 2914 ;
1875 2862 1968 2904 vide

404 2939 453 2966 ca
483 2935 527 2966 ut
553 2928 611 2966 IV
753 2930 803 2968 A.

453 2940 506 3042 Ρ3)
534 2932 898 3032 Rheiisi.3l51useum
925 2994 1070 3043 LXVI,
1098 3007 1139 3044 p.
1166 2995 1259 3044 476.
