2176 3450
1133 406 1195 453 54

379 545 471 594 per
491 526 827 594 μετεμψύχωσιν
853 528 1181 577 continuanda
1205 528 1358 576 habet
1373 530 1422 592 1);
1446 545 1572 594 ergo
1598 546 1697 578 non
1715 539 1792 578 est
1809 531 1947 595 quod

381 612 677 661 arbitremur
721 610 870 659 κύκλον
921 611 1354 676 regenerationum
1412 612 1584 660 orbem
1641 612 1945 678 significare.

382 695 578 758 Quodsi
595 694 853 743 contendis
865 692 1016 742 κύκλον
1028 693 1110 757 qui
1122 693 1292 741 dicitur
1304 693 1352 741 in
1365 693 1561 753 lamina,
1576 692 1715 756 κύκλῳ
1740 699 1949 755 γενέσεως

380 778 762 842 adaequandum
793 793 920 835 esse,
950 786 1118 824 tamen
1143 776 1431 825 laminarum
1451 776 1831 842 discrepantiam
1849 795 1946 828 non

381 861 447 909 ita
466 860 733 925 explanare
751 876 1029 924 possumus,
1048 869 1102 907 ut
1120 859 1296 908 Rohde
1313 860 1515 923 putavit.
1536 860 1666 909 Nam
1677 861 1947 910 secundum

381 960 495 992 eum
523 943 701 991 mortui
731 959 942 1007 quorum
969 942 1016 990 in
1047 941 1284 1005 sepulcris
1311 943 1527 991 carmina
1553 942 1592 990 B
1621 953 1672 991 et
1690 943 1732 991 C
1751 944 1947 993 inventa

380 1037 508 1084 sunt,
544 1026 762 1074 nondum
796 1025 861 1073 ad
895 1025 1042 1073 animi
1076 1025 1382 1090 migrationis
1417 1025 1574 1074 finem
1607 1037 1868 1086 venerunt3
1896 1037 1948 1076 at

379 1109 457 1157 isti
498 1125 598 1156 non
637 1107 855 1156 infinitas
890 1108 1021 1156 vitae
1054 1107 1440 1156 necessitudines
1473 1108 1820 1173 deprecantur,
1855 1109 1948 1159 sed

380 1191 724 1255 Proserpinam
742 1200 887 1239 orant
910 1190 971 1245 ὥς
980 1211 1037 1250 με
1052 1193 1267 1254 πρόφρων
1280 1193 1437 1256 πέμψῃ
1453 1194 1584 1254 ἔδρας
1596 1194 1661 1246 εἷς
1673 1189 1948 1252 εὖαγεόντων.

381 1274 532 1337 Quod
571 1283 648 1322 est
688 1274 791 1322 eius
831 1273 912 1338 qui
953 1274 1018 1322 ad
1058 1273 1218 1322 omnis
1251 1273 1499 1322 terrestris
1533 1275 1663 1323 vitae
1699 1274 1854 1324 finem
1889 1292 1947 1324 se

379 1358 574 1406 venisse
614 1357 784 1406 credit.
827 1357 977 1419 Quod
1017 1356 1358 1406 Dieterichum
1399 1374 1498 1406 non
1538 1357 1663 1423 fugit
1696 1358 1780 1423 qui
1813 1368 1947 1407 recte

379 1441 585 1489 adnotat
618 1441 832 1498 „Anima
867 1457 996 1504 quae
1023 1440 1132 1488 illos
1155 1439 1383 1488 lamellae
1401 1458 1577 1489 versus
1595 1441 1948 1506 clamat‚planc

377 1541 439 1573 ex
464 1525 601 1572 omni
616 1524 814 1583 funesta
846 1525 1136 1588 ngrratzbne
1169 1524 1301 1587 quod
1326 1530 1488 1588 erepta
1520 1530 1599 1581 szt,
1633 1525 1895 1573 exsultat.”
1911 1526 1947 1589 ⁸)

444 1607 625 1655 Rohdii
671 1608 816 1672 igitur
850 1607 1095 1655 sententia
1129 1607 1437 1671 repudianda
1471 1617 1523 1656 et
1557 1607 1947 1656 concludendum

379 1700 458 1739 est
491 1690 780 1739 laminarum
821 1690 1202 1754 discrepantiam
1249 1707 1344 1738 non
1394 1690 1458 1738 ad
1502 1691 1665 1739 varias
1710 1691 1946 1740 nascendi

378 1759 691 1822 condiciones
720 1774 1030 1822 referendam
1061 1791 1188 1822 esse.
1219 1773 1320 1822 Iam
1350 1774 1502 1822 oritur
1530 1774 1742 1838 suspicio
1771 1791 1948 1823 omnes

378 1857 486 1906 illos
533 1857 772 1905 thiasotas
818 1857 1028 1905 eandem
1075 1857 1275 1920 quidem
1321 1857 1475 1905 fidem
1519 1857 1777 1921 professos
1816 1875 1944 1917 esse,

378 1941 470 1989 sed
504 1941 575 1989 eis
610 1958 707 1989 non
742 1957 942 2005 semper
977 1940 1178 1988 easdem
1223 1940 1286 1988 de
1333 1940 1575 2005 religione
1620 1941 1946 2006 cogitationes

378 2025 570 2072 intimas
618 2023 781 2072 fuisse.
831 2024 1185 2086 Quaerendum
1233 2023 1380 2088 igitur
1426 2035 1502 2072 est
1536 2034 1698 2071 utrum
1731 2024 1946 2073 carmina

378 2107 597 2156 eiusdem
627 2107 733 2155 fere
762 2107 938 2156 aetatis
968 2106 1077 2164 sint,
1104 2106 1172 2155 'an
1201 2106 1488 2155 laminarum
1516 2107 1775 2155 discrimen
1801 2107 1946 2156 variis

376 2191 683 2254 temporibus
717 2190 972 2238 debeatur.
1009 2190 1145 2255 Ergo
1188 2200 1383 2238 tentare
1429 2190 1653 2238 volumus
1698 2207 1946 2254 quaenam

375 2274 614 2337 temporis
637 2274 761 2322 ratio
787 2274 913 2322 inter
937 2274 1029 2321 tria
1064 2273 1367 2337 exemplaria
1401 2273 1615 2329 intersit3
1652 2273 1717 2321 de
1751 2274 1946 2321 duobus

376 2367 541 2406 autem
594 2357 888 2405 carminibus
934 2357 1111 2421 agitur,
1159 2373 1269 2404 cum
1315 2357 1531 2404 carmina
1574 2356 1613 2403 B
1657 2365 1708 2404 et
1753 2356 1796 2404 C
1841 2355 1946 2404 sere

377 2440 491 2488 nihil
527 2440 653 2488 inter
687 2457 743 2488 se
778 2439 1019 2488 differant.

444 2656 474 2707 1)
501 2655 712 2694 Thiasotas
739 2657 799 2695 τὴν
828 2655 862 2691 ἐν
885 2655 994 2703 κύκλῳ
1013 2654 1169 2706 περίοδον
1188 2655 1243 2691 καὶ
1260 2654 1439 2706 περιφορὰν
1460 2655 1717 2704 παλιγγενεσίας
1737 2653 1944 2704 (Porphyr-

373 2722 484 2772 apud
519 2721 751 2770 Stobaeum,
788 2721 871 2759 Ecl.
908 2720 1026 2770 Phys.
1062 2719 1095 2769 1,
1126 2724 1193 2770 52)
1223 2732 1306 2759 non
1332 2719 1493 2758 novisse
1521 2732 1572 2758 ex
1603 2719 1721 2758 huius
1745 2717 1946 2770 dogmatis

373 2786 583 2826 reticentia
610 2793 789 2837 apparet.

441 2851 474 2900 ²)
503 2851 596 2891 Diet
606 2851 727 2900 erich,
756 2851 822 2890 Kl.
851 2851 963 2890 Schr.
991 2864 1032 2902 p.
1062 2863 1133 2900 943
1162 2850 1269 2889 idem
1305 2850 1451 2889 iterum
1487 2849 1727 2889 asseveravit
1760 2848 1802 2888 in
1837 2861 1946 2888 com-

372 2916 638 2956 mentatione:
671 2918 780 2965 „Der
797 2918 1039 2967 Untergang
1067 2916 1138 2954 der
1156 2916 1320 2955 antiken
1337 2914 1564 2966 Religion,”
1579 2915 1647 2954 Kl.
1661 2915 1770 2953 Schr.
1789 2927 1831 2965 p.
1845 2924 1943 2963 472:

373 2981 465 3031 „Sie
505 2982 710 3021 euthalten
755 2981 821 3021 die
856 2982 1057 3030 Formeln,
1101 2980 1166 3020 die
1208 2981 1279 3020 der
1319 2982 1425 3020 Tote
1468 2979 1533 3019 bei
1574 2980 1647 3019 der
1681 2978 1944 3030 endgfiltigen

371 3048 559 3087 Ankunft
573 3047 615 3086 in
632 3047 704 3086 der
718 3047 940 3087 Unterwelt
955 3059 1004 3085 zu
1019 3047 1090 3085 der
1106 3046 1367 3085 Herrscherin
1383 3045 1558 3085 drunten
1569 3058 1617 3084 zu
1628 3045 1825 3096 sprechen
1835 3043 1945 3084 hat.’'

2148 0 2176 427 l
