2176 3450
978 354 1037 403 77

227 479 477 530 Thurinae
510 478 803 528 confirmant
835 478 1129 528 sententiam
1181 493 1331 542 quam
1383 476 1628 526 Catonem
1680 477 1795 525 olim

228 563 423 613 audisse
458 562 572 612 fecit
605 573 656 611 et
690 561 899 611 Catonis
931 570 1098 611 aetate
1124 560 1490 626 Pythagoream
1521 560 1795 609 doctrinam

229 646 420 695 Romae
459 662 558 694 non
599 646 820 711 ignotam
861 644 1012 694 fuisse
1052 644 1220 702 credo,
1266 660 1376 692 cum
1420 643 1602 692 lamina
1645 659 1797 692 aurea

228 729 277 779 in
317 728 548 778 Caecilae
586 728 901 778 Secundinae
940 726 1168 793 sepulcro
1209 727 1408 776 inventa
1448 725 1649 775 saeculo
1686 741 1711 774 2
1750 742 1795 775 a.

230 811 346 862 Chr.
382 811 675 861 ascribenda
708 811 784 860 sit.
807 811 841 876 1)

293 894 432 961 Ergo
475 894 724 959 antiquam
759 893 889 943 illam
923 894 1198 943 doctrinam
1233 909 1383 958 quam
1419 893 1663 942 Harrison
1706 892 1797 942 Or·

227 978 483 1044 phicorum
533 994 563 1026 e
614 977 790 1027 scrinio
840 977 887 1025 in
939 977 1097 1026 lucem
1142 975 1342 1042 protulit
1387 976 1586 1025 missam
1631 975 1797 1025 facere

229 1071 464 1127 praestat.
507 1060 661 1109 Cuius
712 1059 975 1109 nonnullae
1025 1076 1209 1124 parvae
1253 1059 1520 1109 admodum
1565 1058 1798 1124 reliquiae

229 1160 530 1210 quamquam
574 1143 785 1192 fortasse
829 1153 1145 1208 posterorum
1195 1142 1242 1191 in
1293 1152 1461 1192 mente
1511 1142 1796 1201 haeserunt,

228 1227 270 1278 si
318 1227 383 1276 ad
432 1227 650 1276 carmina
699 1236 869 1276 nostra
919 1225 1287 1291 interpretanda
1338 1225 1646 1284 adhibentur,
1686 1225 1798 1291 plus

229 1309 448 1377 caliginis
482 1326 630 1375 quam
663 1309 785 1358 lucis
817 1308 1040 1358 afferunt.

295 1393 473 1459 Neque
508 1392 748 1442 Harrison
782 1409 946 1457 neque
981 1391 1182 1442 Delatte
1215 1409 1257 1441 c.
1292 1392 1523 1457 supplicis
1556 1410 1602 1441 v.
1641 1393 1722 1454 5l6
1745 1406 1800 1431 =

230 1493 272 1528 c.
319 1476 509 1543 mystici
549 1493 594 1524 v.
641 1477 723 1538 4l5
771 1485 906 1524 recte
951 1475 1262 1540 interpretari
1307 1475 1548 1534 videntur,
1589 1492 1699 1524 cum
1734 1476 1799 1524 de

230 1561 377 1611 animi
421 1559 612 1626 origine
656 1559 734 1608 hic
778 1559 860 1624 agi
904 1568 1095 1623 putent,
1140 1575 1442 1623 quamquam
1486 1559 1595 1623 ipsa
1642 1559 1799 1608 verba

229 1643 348 1708 μοῖρ’
371 1640 595 1701 ἐδάμασσε
623 1642 743 1691 satis
794 1642 1055 1707 perspicua
1105 1651 1231 1691 sunt.
1277 1640 1421 1704 Quae
1466 1658 1663 1707 graece,
1709 1642 1799 1691 nisi

232 1725 389 1785 fallor,
430 1725 545 1775 nihil
597 1725 728 1775 aliud
763 1741 913 1790 quam
949 1724 1158 1784 „Fatum
1193 1725 1468 1775 interemit”
1503 1725 1796 1791 significant.

230 1809 368 1876 Ergo
401 1808 578 1858 mutilis
611 1808 786 1858 horum
820 1824 1049 1857 versuum
1091 1808 1305 1874 reliquiis
1350 1808 1640 1858 describitur
1683 1808 1800 1873 quid

231 1893 396 1943 animo
429 1893 520 1941 sub
553 1892 686 1941 vitae
726 1891 874 1941 finem
915 1892 1140 1940 evenerit
1186 1901 1238 1941 et
1282 1908 1382 1957 quo
1429 1892 1582 1941 modo
1626 1892 1799 1941 mortis

230 1974 378 2026 limen
411 1986 751 2042 transgressus
783 1975 858 2024 sit.

719 2159 775 2208 B.
827 2159 906 2208 De
936 2176 1080 2209 versu
1113 2166 1290 2224 quarto
1303 2181 1319 2208 .·

587 2274 858 2317 ΠΟῙΝΑΝ
885 2276 968 2316 ΔΕ
993 2274 1467 2318 ΑΝΤΑΠΕΤΕΙΣΑ

526 2358 751 2401 ΕΡΓΩΝ
777 2358 1003 2401 ENEKA
1032 2359 1180 2400 OTTI
1206 2359 1501 2403 ΔΙΚΑΙΩΝ.

297 2464 410 2530 lpsa
454 2473 621 2514 autem
665 2464 764 2513 vita
804 2480 952 2529 quam
995 2463 1243 2514 Tlmrinus
1283 2464 1363 2515 ille
1398 2465 1446 2514 in
1482 2475 1613 2515 terra
1646 2465 1798 2531 degit,

232 2563 381 2597 versu
425 2557 603 2613 quarto
647 2546 897 2612 descripta
942 2557 1044 2607 est;
1091 2547 1138 2596 in
1173 2547 1355 2598 lamina
1387 2547 1609 2598 Thurina
1642 2547 1801 2598 altera

234 2630 465 2697 scriptum
500 2640 602 2681 est:

586 2734 807 2777 HONAI
833 2734 1383 2778 ΔΑΝΤΑΠΕΙΤΕΣΕΙ

585 2812 742 2854 Hm
770 2812 995 2855 ENEKA
1027 2812 1175 2854 ΟΤΤΙ
1201 2811 1470 2856 ΔΙΚΑ.ΩΝ

233 2927 332 3033 Lv1)
357 2927 615 2982 Cs.Mnrray,
640 2929 694 2971 1.1.
720 2942 761 2982 p.
790 2930 868 2983 ⁶⁷³
896 2937 938 2971 et
963 2929 1213 2983 Comparetti
1240 2931 1401 2981 „Atene
1428 2943 1452 2971 e
1481 2928 1637 2971 Roma”
1652 2929 1745 2969 LIV
1761 2935 1801 2970 et

332 3005 368 3034 a.
400 3006 517 3047 ¹903·
