2176 3450
1107 329 1195 384 146

1076 462 1129 502 τὰ
1159 461 1329 516 Μοίρης
1361 458 1515 514 τλητέα
1546 464 1701 517 πάντη.

509 544 657 601 μητέρι
686 547 782 598 Πῦρ
811 542 889 599 μέν
914 545 958 597 μ’
989 540 1080 596 ἆγε,
1113 546 1150 586 εἴ
1180 545 1368 600 νῆστιςθ)
1399 539 1483 586 οἷδ’
1517 544 1789 604 [ὖπομεῖναι],

512 631 619 671 ἑπτά
651 644 695 670 τε
727 632 872 680 νῆστιν
906 628 1026 677 νυξὶν
1058 631 1085 682 ἦ
1114 631 1211 681 μεθ’
1243 627 1449 684 ήμέρανῌ)
1482 626 1660 672 aarum.
1680 629 1710 684 1)

431 735 569 798 Quas
603 735 668 782 ob
703 750 877 782 causas
905 733 1128 797 suspicor
1157 743 1345 797 mystas
1375 733 1623 783 Thurinos
1651 734 1744 783 hoc
1762 735 1927 783 dicere

364 818 590 875 voluisse,
626 834 681 865 se
716 826 983 880 antequam
1025 816 1323 865 initiarentur
1368 827 1527 866 morte
1573 817 1790 881 mystica,
1837 834 1928 882 per

365 901 679 950 constitutum
723 900 912 947 dierum
962 899 1239 947 noctiumve
1283 900 1494 963 spatium
1541 917 1570 948 a
1615 901 1928 950 terrestribus

364 983 556 1050 gaudiis
590 993 910 1045 temperasse,
947 992 998 1030 ut
1043 982 1303 1030 concubitu
1348 982 1551 1047 aliisque
1596 983 1927 1047 voluptatibus

365 1075 591 1114 carentes
619 1064 908 1112 castimonio
935 1074 986 1113 et
1015 1065 1204 1122 ceteris,
1235 1082 1364 1128 quae
1388 1065 1453 1113 ad
1470 1082 1612 1114 sacra
1629 1066 1928 1130 pertinerent

366 1148 597 1197 faciendis
631 1146 782 1194 ποινάν
811 1146 948 1211 ἔργων
979 1148 1073 1195 οὔτι
1103 1151 1280 1196 δικαίων
1311 1148 1575 1197 solverent.
1621 1148 1738 1198 Veri
1771 1149 1926 1198 simile

365 1242 442 1280 est
497 1240 682 1279 certum
741 1229 991 1293 quoddam
1038 1230 1276 1294 temporis
1328 1232 1540 1295 spatium
1591 1233 1656 1280 ad
1708 1232 1927 1282 facinora

364 1314 510 1378 impia
527 1312 772 1376 expianda
789 1313 1103 1361 constitutum
1125 1312 1272 1362 fuisse
1292 1315 1462 1377 mystis
1484 1314 1715 1364 Thurinis
1739 1332 1926 1364 eorum-

364 1414 463 1460 que
508 1396 573 1444 ad
617 1396 937 1443 imitationem
978 1396 1109 1444 idem
1144 1396 1349 1445 Bacchis
1383 1414 1585 1461 quoque
1619 1398 1926 1463 propositum

363 1480 524 1528 fuisse.
589 1478 731 1526 Nunc
780 1489 987 1542 apparet
1043 1496 1189 1543 quam
1242 1481 1445 1546 egregie
1491 1480 1605 1529 illud
1644 1480 1740 1530 εἶτα
1789 1481 1925 1530 initio

363 1580 535 1612 versus
562 1577 586 1624 5
608 1562 830 1610 carminis
865 1562 1098 1626 supplicis
1133 1564 1347 1626 positum
1381 1565 1464 1612 sit:
1503 1575 1663 1628 mysta
1690 1565 1806 1613 dicit
1834 1581 1926 1629 per

362 1657 557 1710 tempus
591 1645 903 1694 terminatum
940 1646 1031 1693 ritu
1054 1645 1414 1695 solemnissimo
1437 1665 1493 1696 se
1514 1649 1678 1696 omnia
1702 1647 1877 1697 fecisse
1891 1649 1925 1707 5’)

364 1746 493 1793 quae
528 1729 592 1776 ad
617 1745 756 1776 sacra
779 1728 1093 1791 pertinerent,
1120 1729 1302 1778 deinde
1327 1747 1381 1778 se
1406 1741 1600 1794 raptum
1626 1748 1740 1779 esse
1763 1747 1793 1779 a
1817 1731 1923 1779 diis.

428 1811 711 1860 Secundum
754 1811 1014 1859 Theonem
1059 1811 1383 1875 Smyrnaeum
1425 1811 1629 1877 μυήσεως
1667 1824 1782 1862 sunt
1812 1817 1926 1878 μέρη

364 1898 490 1942 πέντε
500 1903 540 1948 3)·
571 1894 620 1941 τό
643 1897 722 1952 μὲν
748 1892 1070 1957 προηγούμενον
1094 1896 1387 1955 καθαρμός...
1412 1896 1524 1955 μετά
1542 1900 1591 1944 δὲ
1613 1897 1688 1959 τὴν
1707 1899 1927 1960 κάθαρσιν

362 1978 546 2037 δευτέρα
583 1974 698 2021 ἐστὶν
735 1973 762 2037 ἦ
799 1978 876 2034 τῆς
923 1978 1098 2037 τελετῆς
1143 1976 1399 2038 παράδοσις.
1449 1980 1585 2039 Τρίτη
1623 1980 1671 2024 δὲ
1710 1977 1736 2040 ἦ
1773 1977 1926 2025 ἐπονο-

360 2057 582 2115 μαζομένη
607 2053 837 2101 ἐποπτεία.
870 2051 1066 2116 Τετάρτῃ
1091 2057 1140 2102 δὲ
1164 2053 1204 2108 (ὃ
1227 2055 1283 2117 δὴ
1307 2060 1378 2103 καὶ
1415 2059 1537 2110 τέλος
1567 2061 1644 2117 τῆς
1673 2057 1926 2112 ἐποπτείας)

429 2194 458 2246 1)
487 2193 595 2232 Diels
639 2194 806 2232 adnotat
855 2194 952 2242 „der
994 2195 1093 2234 Vers
1133 2194 1184 2234 ist
1223 2203 1405 2235 verstort.
1454 2197 1508 2235 Er
1556 2197 1711 2236 konnte
1762 2198 1923 2236 lauten:

360 2260 448 2297 ἑπτά
474 2274 510 2296 τε
536 2265 651 2300 νῆστιν
678 2262 798 2301 νύκτας
828 2259 872 2295 ἰδ’
900 2260 1055 2312 ἑπτῆμαρ
1091 2261 1229 2297 ἐλινύειν
1257 2262 1354 2300 oder
1382 2261 1428 2298 ἰδ’
1458 2259 1630 2314 ἡμέρᾶςο)
1650 2262 1721 2300 ἕπτ’
1748 2261 1926 2302 ἐλινύειν.”

431 2325 461 2372 ²)
491 2326 554 2364 Cf.
582 2338 702 2375 supra
729 2338 751 2363 c
784 2326 821 2361 V
849 2329 868 2371 5
900 2337 919 2374 5
949 2325 997 2364 C.
1027 2327 1119 2364 Non
1144 2327 1272 2365 solum
1291 2327 1528 2366 castimonia
1545 2328 1616 2366 sed
1635 2327 1755 2366 etiarn
1774 2327 1925 2367 ieiunia

362 2403 463 2440 opus
493 2397 532 2429 et
558 2396 703 2426 κυκεῶνα
731 2389 952 2428 bibendum
971 2390 1091 2429 fuisse
1111 2391 1194 2430 veri
1221 2391 1348 2430 simile
1373 2400 1431 2431 est
1439 2407 1450 2441 3
1476 2393 1585 2431 Diels
1613 2394 1768 2431 confert
1804 2392 1923 2432 ovid.

362 2457 530 2494 Metam.
558 2456 610 2503 X,
639 2468 684 2505 3:
723 2463 904 2506 „septem
933 2463 1069 2494 tamen
1098 2456 1161 2495 ille
1195 2457 1415 2507 (Orpheus)
1443 2457 1584 2496 diebus
1612 2456 1622 2510 l
1651 2457 1854 2508 squalidus
1880 2457 1924 2496 in

361 2520 448 2571 ripa
475 2520 630 2559 Cereris
658 2519 745 2558 sine
773 2533 938 2558 munere
966 2521 1107 2560 sedit.'’
1138 2531 1176 2560 et
1204 2523 1307 2561 Plut.
1337 2524 1545 2562 Demosth.
1574 2536 1646 2573 30:
1674 2523 1769 2573 παρὰ
1794 2527 1836 2576 τῇ
1860 2525 1923 2573 θεῷ

360 2588 573 2624 νηστεύουσιν
590 2586 627 2621 αἱ
643 2591 808 2635 γυναῖκες.
826 2585 963 2638 (Diels,
983 2587 1015 2624 F
1017 2599 1142 2637 ragm.
1161 2587 1200 2626 d.
1217 2588 1332 2626 Vors.
1348 2588 1386 2625 l.l
1402 2618 1412 2636 ‚
1434 2587 1666 2627 Festschrift
1680 2589 1706 2627 f.
1724 2589 1924 2639 Gomperz

361 2663 402 2702 p.
431 2651 454 2688 6
482 2649 595 2702 seq.).
622 2651 814 2690 Ceterum
842 2652 892 2690 cf.
921 2651 1122 2701 Wissowa,
1154 2652 1338 2703 Religion
1368 2654 1407 2692 d.
1436 2654 1587 2692 Romer
1614 2666 1654 2704 p.
1684 2666 1774 2704 301.

429 2715 460 2767 ³)
487 2716 601 2754 Theo
619 2716 873 2766 Smyrnaeus,
891 2716 1096 2766 Expositio
1114 2730 1246 2756 rerum
1265 2719 1388 2757 math.
1408 2719 1460 2757 ad
1477 2719 1695 2769 legendum
1715 2719 1922 2758 Platonem

361 2779 518 2820 utilium
545 2794 584 2831 p.
617 2794 665 2828 14
692 2793 775 2831 seq.
806 2781 946 2829 Hiller,
974 2794 1151 2832 quocum
1179 2784 1230 2822 cf.
1260 2782 1491 2834 Olympiod.
1528 2783 1639 2834 apud
1674 2782 1920 2822 Lobeckium

362 2857 401 2895 p.
430 2858 501 2892 41:
543 2846 575 2881 ἐν
615 2852 685 2887 τοῖς
728 2847 823 2897 ἱεροῖς
865 2849 1006 2895 ἡγοῦντο
1032 2846 1093 2896 μὲν
1121 2848 1158 2884 αἱ
1185 2847 1359 2898 πάνδημοι
1385 2850 1572 2900 καθάρσεις,
1599 2846 1672 2885 εἶτα
1699 2849 1755 2886 ἐπὶ
1780 2850 1921 2891 ταύταις

360 2909 398 2945 αἱ
423 2910 699 2963 ἀπορρητὸτεραι·
732 2911 818 2961 μετὰ
843 2914 971 2954 ταύτας
998 2915 1176 2955 συστάσεις
1203 2915 1258 2950 καὶ
1285 2914 1340 2950 ἐπὶ
1366 2916 1506 2955 ταύταις
1532 2918 1682 2963 μυήσεις,
1711 2915 1744 2951 ἑν
1771 2915 1860 2951 τέλει
1886 2913 1918 2950 δ’

362 2988 548 3014 errem-'etan

2128 555 2163 697 gaiam*
2129 454 2154 541 702«st
2131 415 2157 445 ,ἴε
2135 381 2149 407 *⁹
2133 338 2149 369 »u
2128 324 2132 327 ¹
