2176 3450
982 335 1066 369 121

240 461 398 511 mellis
431 471 483 510 et
514 460 653 510 lactis
687 459 851 509 fontes
884 474 1174 523 emergere3
1211 455 1392 505 deinde
1430 455 1598 520 pergit
1629 471 1812 512 „unum

242 545 457 594 aceedit:
494 554 637 593 erant
669 542 755 607 qui
789 550 1021 606 putarent
1053 544 1265 602 γαλαξίαν
1294 539 1322 587 i.
1343 556 1386 588 e.
1430 538 1560 586 viam
1601 536 1811 586 lacteam

242 627 515 677 coelestem
550 643 664 676 esse
696 627 956 675 beatorum
1003 622 1302 672 domicilium
1323 625 1373 686 1).
1423 620 1586 670 Unum
1633 637 1812 684 promo

242 710 421 768 locum,
473 727 575 775 quo
626 709 792 758 statim
837 707 971 757 unde
1016 707 1141 756 haec
1186 705 1485 770 sumpserint
1529 704 1811 752 edocemur.

242 793 540 858 Porphyrius
573 793 703 842 enim
738 791 892 841 refert
925 790 991 840 de
1025 799 1148 839 antr.
1185 788 1383 854 nymph.
1419 805 1526 852 cap.
1566 789 1645 835 28:
1678 791 1817 850 δῆμος

243 881 293 926 δὲ
321 877 503 940 ὀνείρων
534 877 644 924 κατὰ
668 873 945 937 Πυθαγόραν
968 876 1016 922 αἱ
1039 877 1196 938 ψυχαί,
1220 873 1275 927 ἅς
1299 869 1570 932 συνάγεσθαί
1594 888 1726 934 φησιν
1751 871 1816 924 εἷς

243 957 316 1005 τὸν
335 959 546 1017 γαλαξίαν
567 956 640 1004 τὸν
659 957 772 1004 οὕτω
793 953 1223 1019 προσαγορευόμενον
1244 952 1336 1000 dud
1350 955 1436 999 τῶν
1458 948 1638 1012 γάλακτι
1655 968 1815 1013 τρεφο-

241 1039 395 1096 μένων,
430 1036 534 1084 ὅταν
570 1038 635 1091 εἰς
669 1039 832 1095 γένεσιν
863 1037 1068 1082 πέσωσιν.
1093 1033 1162 1081 διὸ
1190 1037 1263 1081 καὶ
1294 1035 1495 1080 σπένδειν
1525 1031 1679 1085 αὐταῖς
1711 1028 1816 1084 τούς

245 1116 534 1181 ψυχαγωγούς
555 1119 654 1175 μέλι
678 1117 938 1178 κεκραμένον
960 1111 1140 1175 γάλακτι
1163 1112 1224 1168 οἷς
1240 1112 1294 1160 ἃν
1314 1112 1371 1159 δι’
1389 1111 1546 1175 ἡδονῆς
1571 1114 1636 1165 εἰς
1655 1112 1818 1170 γένεσιν

243 1199 609 1260 μεμελητηκυίαις
645 1196 872 1259 ἔρχεσθαι,
911 1192 982 1248 αἷς
1021 1199 1307 1253 συγκυεῖσθαι
1348 1191 1399 1239 τὸ
1431 1188 1544 1253 γάλα
1589 1187 1818 1253 πέφυκεν”.

246 1281 384 1348 Ergo
394 1281 675 1346 symbolum
688 1281 817 1329 hunc
829 1280 876 1328 in
890 1279 1093 1328 modum
1107 1279 1468 1342 interpretatur:
1485 1275 1817 1340 „lepidissime

246 1382 367 1414 sane
391 1365 563 1413 dicitur
585 1375 637 1414 et
660 1363 924 1413 haedulum
950 1379 1078 1411 nunc
1106 1362 1308 1410 domum
1331 1360 1535 1409 rediisse
1559 1359 1624 1408 ad
1648 1357 1819 1406 matris

246 1448 407 1498 lactea
439 1449 596 1497 ubera
629 1458 682 1497 et
714 1447 923 1512 Dionysi
957 1446 1226 1495 ministrum
1262 1455 1314 1493 et
1347 1454 1576 1508 mystam,
1612 1458 1741 1490 nunc
1769 1450 1821 1490 et

247 1532 407 1597 ipsum
446 1532 612 1590 deum,
653 1532 735 1596 qui
770 1530 857 1578 ὑπὸ
880 1527 1041 1577 κόλπον
1064 1530 1141 1577 ἔδυ
1169 1531 1497 1593 Φερσεφονείας
1529 1526 1712 1575 adiisse
1753 1523 1820 1574 ad

246 1616 427 1665 beatae
460 1615 591 1664 vitae
624 1624 767 1679 prata
800 1611 1007 1663 lactea.”

314 1698 535 1748 Reinach
559 1697 689 1747 hanc
706 1697 1164 1762 interpretationem
1183 1694 1482 1744 reiciendam
1501 1710 1615 1743 esse
1633 1701 1820 1751 censet,

249 1799 359 1832 cum
394 1781 527 1831 nulla
560 1781 607 1830 in
642 1780 823 1830 lamina
857 1780 1125 1845 quidquam
1159 1779 1354 1845 legatur
1388 1777 1523 1843 quod
1552 1794 1614 1826 ex
1637 1777 1733 1825 ista
1756 1776 1822 1824 de

249 1866 522 1915 animorum
557 1865 604 1913 in
639 1863 832 1913 coelum
867 1863 1025 1912 reditu
1060 1862 1307 1912 sententia
1350 1862 1698 1926 depromptum
1744 1859 1820 1908 sit.

250 1948 568 2013 Quamquam
604 1948 737 1996 idem
771 1947 985 2013 ingenue
1021 1945 1203 1996 fatetur
1238 1944 1506 1994 Dieterichi
1528 1943 1822 1992 sententiam

250 2049 349 2082 non
383 2032 516 2082 omni
550 2049 613 2081 ex
647 2041 790 2096 parte
825 2028 1204 2095 improbabilem
1238 2028 1408 2086 videri,
1443 2027 1535 2076 sed
1577 2025 1824 2076 nonnullis

252 2115 568 2182 argumentis,
597 2130 727 2179 quae
755 2114 1028 2163 sententiae
1056 2123 1310 2161 auctorem
1336 2111 1584 2177 fugerant,
1613 2109 1692 2159 vel
1719 2125 1823 2158 cor-

251 2197 477 2248 roborari
496 2214 661 2262 posse.
682 2196 1017 2245 Dieterichum
1036 2195 1167 2245 enim
1192 2194 1506 2260 praeteriisse
1531 2192 1824 2242 Haedorum

321 2402 351 2449 1)
378 2403 428 2441 D.
458 2414 533 2442 nos
559 2401 710 2452 relegat
739 2400 792 2439 ad
818 2399 906 2439 Cic.
934 2411 1064 2439 somn.
1092 2398 1201 2450 Scip.
1227 2411 1264 2438 c.
1297 2399 1367 2447 16,
1395 2396 1536 2436 Manil.
1564 2398 1595 2445 1,
1626 2397 1754 2446 786.,
1758 2407 1824 2444 ,an

252 2468 385 2508 fontes
412 2467 572 2507 animae
599 2466 679 2506 huc
705 2465 761 2513 (in
788 2466 973 2517 γαλαξίαν)
1000 2464 1176 2516 migrant
1203 2477 1252 2504 ex
1285 2462 1429 2513 orbe’';
1458 2463 1565 2502 Plac.
1592 2462 1712 2513 gloss.
1740 2459 1827 2500 Mai

253 2534 344 2573 coll
372 2534 464 2572 Vat.
493 2534 550 2572 111
578 2534 695 2580 481.
698 2532 863 2579 ‚lacteus
890 2530 1063 2570 circulus
1091 2542 1214 2582 quem
1242 2528 1308 2569 alii
1339 2528 1481 2568 dicunt
1499 2526 1644 2567 animis
1658 2527 1826 2566 heroum

256 2597 516 2650 antiquorum
552 2598 742 2637 refertum
779 2604 819 2636 et
856 2595 998 2636 merito
1033 2593 1328 2647 resplendere.'’
1357 2595 1404 2633 In
1434 2591 1600 2633 Somnio
1628 2590 1827 2644 Scipionis

254 2677 291 2704 c.
318 2665 375 2703 nl
404 2662 574 2715 legimus
597 2661 938 2702 immortalitatem
966 2660 1163 2700 sideream
1191 2673 1273 2699 non
1294 2658 1482 2699 omnibus
1502 2657 1740 2709 contingere
1755 2656 1828 2697 sed

253 2727 302 2769 iis
329 2736 488 2769 tantum
516 2728 615 2779 „qui
643 2727 813 2779 patriam
841 2725 1179 2775 conservaverint,
1199 2723 1438 2773 adiuverint‚
1456 2722 1653 2772 auxerint,
1669 2730 1826 2763 certum

255 2806 343 2835 esse
369 2793 410 2833 in
438 2794 551 2834 coelo
577 2792 789 2833 definitum
818 2792 951 2832 locum
979 2791 1048 2831 ubi
1075 2790 1184 2831 beati
1211 2803 1313 2830 aevo
1339 2788 1587 2840 sempiterno
1601 2787 1826 2828 fruantur.”

255 2858 321 2899 Cf.
347 2858 556 2899 Cumontii
582 2857 872 2898 commentatio
899 2857 951 2896 de
978 2856 1170 2908 dogmate
1197 2856 1311 2908 quod
1338 2854 1497 2907 antiqui
1524 2854 1578 2894 de
1601 2852 1828 2893 animarum

256 2923 298 2964 in
325 2924 483 2964 coelum
523 2922 655 2964 reditu
687 2922 994 2971 constituerant,
1030 2922 1106 2961 Die
1143 2921 1212 2962 Or.
1249 2921 1336 2960 Rel.
1373 2919 1430 2960 im
1467 2921 1588 2959 Rom.
1624 2918 1826 2959 Heident.

257 3001 299 3041 1>-
328 3001 517 3041 ²93·²95»
545 3002 586 3040 p·
615 2991 824 3040 330-331)·
