2176 3450
1004 429 1061 477 37

252 552 672 618 philosophicae‘'.
709 553 909 601 Meursii
943 562 1108 601 autem
1145 551 1411 616 Vossiique
1446 551 1689 601 sententia
1718 568 1817 599 non

251 636 434 684 desunt
473 647 641 689 nostra
686 646 853 685 aetate
899 636 1076 700 quibus
1112 635 1310 684 nimium
1344 635 1540 700 placuit.
1586 634 1818 694 Rohde1)

252 719 380 768 enim
427 719 499 767 eis
544 719 791 783 astipulari
836 719 1031 767 videtur
1072 729 1123 767 et
1167 718 1382 768 Cumont
1396 720 1430 783 ²)
1477 735 1541 767 eo
1577 718 1819 782 processit

251 813 305 851 ut
321 802 645 851 contenderet
663 802 742 851 illa
761 810 884 850 Πυθ.
914 802 1202 864 ὑπομνήματα
1219 802 1380 866 primo
1399 802 1600 850 demum
1620 800 1819 850 saeculo

250 896 365 950 post
388 885 637 934 Christum
662 896 829 934 natum
854 885 1131 949 composita
1158 902 1284 934 esse.
1317 885 1422 934 Sed
1445 885 1486 934 si
1512 884 1819 934 meminimus

251 985 382 1017 anno
418 970 500 1016 181
542 986 584 1017 a.
616 968 732 1018 Chr.
763 968 943 1017 samam
974 968 1332 1034 Pythagoricae
1357 968 1644 1033 disciplinae
1660 969 1693 1031 ³)
1720 967 1819 1016 iam

252 1052 460 1100 Romam
503 1069 660 1116 usque
697 1052 1018 1116 prorepsisse,
1055 1062 1107 1100 et
1141 1052 1321 1100 eodem
1359 1061 1587 1116 tempore
1622 1051 1817 1100 Romae

249 1134 395 1183 fuisse
439 1135 520 1199 qui
560 1134 880 1183 thiasotarum
918 1133 1084 1183 ltaliae
1120 1133 1364 1183 inferioris
1398 1134 1444 1182 in
1473 1134 1675 1182 modum
1704 1134 1818 1182 Pro-

249 1218 512 1282 serpinam,
550 1217 784 1275 Hermen,
820 1217 1127 1266 Eubouleum
1162 1217 1384 1266 colerent
1420 1217 1573 1282 (quod
1607 1225 1819 1282 apparet

249 1318 279 1350 e
313 1300 492 1349 lamina
526 1300 768 1350 Caeciliae
803 1301 1136 1365 Secundinae)
1179 1311 1230 1349 et
1270 1317 1313 1349 a.
1365 1302 1453 1348 186
1493 1299 1818 1349 Bacchanalia

249 1401 311 1433 ex
345 1383 480 1432 ltalia
513 1384 815 1433 meridionali
849 1383 1084 1433 translata
1113 1383 1306 1433 Romae
1334 1383 1587 1433 celebrata
1617 1400 1743 1441 esse,
1777 1383 1817 1431 si

249 1466 373 1515 haec
407 1467 572 1516 omnia
601 1467 840 1516 memoria
870 1478 1113 1524 tenemus,
1144 1483 1332 1532 negare
1361 1467 1440 1515 vix
1469 1467 1670 1531 poteris,
1704 1465 1815 1515 fieri

248 1550 467 1614 potuisse
484 1559 536 1598 ut
549 1549 838 1599 Alexandro
857 1550 1037 1614 scripta
1050 1550 1297 1614 quaedam
1311 1550 1375 1599 de
1387 1549 1816 1615 Pythagoreorum

248 1632 485 1699 religione
503 1642 555 1681 et
571 1632 827 1697 disciplina
845 1633 1226 1681 innotescerent.
1251 1633 1406 1682 Immo
1432 1632 1817 1682 commentarios

248 1715 448 1765 huiusce
466 1716 601 1764 modi
613 1716 659 1765 ei
672 1715 886 1765 adfuisse
897 1733 1007 1764 cum
1018 1715 1194 1764 librum
1209 1733 1349 1764 suum
1363 1721 1477 1779 Περὶ
1493 1721 1817 1778 Πυθαγορικῶν

246 1796 476 1859 συμβόλων
501 1810 837 1863 componeret,
863 1799 965 1848 veri
983 1799 1140 1848 simile
1159 1809 1250 1857 est,
1272 1799 1359 1848 nisi
1378 1799 1504 1848 forte
1523 1798 1683 1848 credis
1701 1815 1815 1847 eum

246 1882 311 1930 de
334 1898 428 1930 suo
454 1881 657 1931 finxisse
681 1899 811 1947 quae
835 1882 902 1931 de
919 1882 1243 1948 Pythagoreis
1261 1882 1497 1948 symbolis
1514 1883 1766 1938 scriberet,
1780 1884 1816 1942 ⁴)

247 1981 409 2030 neque
437 1966 697 2014 temeraria
723 1975 801 2014 est
824 1965 948 2014 haec
966 1965 1263 2025 coniectura,
1282 1966 1495 2030 aliquem
1515 1983 1544 2015 e
1570 1965 1815 2014 Caeciliae

246 2046 558 2098 Secundinae
594 2048 906 2113 synthiasotis
940 2048 1140 2098 saeculo
1178 2065 1221 2097 2.
1258 2066 1302 2099 a.
1339 2049 1456 2098 Chr.
1484 2048 1717 2098 nonnulla
1746 2049 1816 2097 rei

246 2148 417 2180 sacrae
457 2143 725 2196 praecepta
766 2131 916 2181 literis
957 2132 1221 2182 mandasse
1264 2143 1316 2182 et
1350 2133 1475 2182 haec
1508 2133 1687 2197 scripta
1722 2133 1816 2181 sub

247 2213 384 2263 titulo
419 2222 544 2263 Πυθ.
573 2213 863 2277 ὑπομνήματα
882 2214 1170 2265 Alexandro
1199 2216 1484 2265 innotuisse.
1522 2216 1666 2278 Quae
1685 2215 1815 2264 enim

250 2297 533 2346 Alexander
550 2297 614 2346 de
632 2307 938 2346 mortuorum
957 2298 1129 2347 itinere
1147 2298 1332 2347 rettulit
1350 2299 1524 2347 mirum
1546 2300 1591 2348 in
1613 2299 1814 2348 modum

246 2380 556 2429 consentiunt
571 2397 681 2429 cum
706 2381 760 2429 iis
784 2398 913 2446 quae
937 2381 1148 2430 laminae
1172 2399 1357 2431 aureae
1381 2393 1638 2432 testantur.
1665 2381 1816 2445 Quod

245 2462 323 2513 vel
359 2480 421 2511 ex
455 2480 519 2512 eo
548 2474 771 2528 apparet,
802 2464 936 2529 quod
965 2475 1016 2513 et
1043 2465 1291 2515 thiasotae
1322 2476 1373 2514 et
1401 2466 1699 2531 Pythagorei
1732 2466 1815 2528 (de

316 2553 343 2600 1)
371 2554 527 2602 Rohde‚
558 2552 712 2605 Psyche
739 2555 788 2603 11,
823 2554 931 2605 165².

313 2617 342 2662 ἵ)
370 2618 562 2667 Cumont,
605 2618 656 2658 Ο.
699 2619 748 2658 R.
790 2619 857 2659 im.
900 2620 950 2659 R.
996 2621 1050 2658 H.
1086 2633 1128 2671 p.
1168 2620 1300 2671 295⁶⁶=
1339 2621 1448 2669 „Der
1483 2621 1715 2672 Darlegung
1743 2622 1815 2660 der

246 2682 605 2734 pythagoreischen
634 2684 775 2733 Lehre,
805 2685 952 2723 welche
979 2685 1029 2723 D.
1059 2685 1104 2725 L.
1131 2698 1210 2724 von
1239 2685 1301 2724 Al.
1331 2686 1411 2725 Pol.
1437 2686 1632 2733 entlehnt‚
1650 2686 1735 2725 und
1750 2685 1816 2725 die

249 2746 291 2788 in
318 2746 591 2788 Wirkliehkeit
619 2749 683 2788 ein
712 2749 965 2801 apokryphes
994 2750 1112 2789 Werk
1132 2750 1204 2790 des
1221 2752 1598 2802 IJahrhundertsn.
1615 2751 1707 2792 Cnr.
1724 2750 1816 2791 ist’'.

313 2813 342 2859 ⁸)
371 2813 433 2852 De
461 2812 568 2853 libris
597 2827 645 2853 ex
672 2814 854 2865 Janieulo
881 2815 1032 2855 effossis
1060 2815 1152 2855 vide
1180 2816 1269 2856 Val.
1296 2818 1391 2855 Ant.
1409 2816 1519 2868 apud
1547 2817 1647 2856 Plin.
1675 2818 1725 2856 N.
1757 2819 1816 2857 H.

247 2877 343 2917 x111
381 2879 427 2927 87
466 2878 611 2928 (Peter,
642 2880 698 2919 H.
729 2880 778 2919 R.
807 2880 870 2919 Fr.
901 2887 940 2931 7)
981 2889 1021 2920 et
1051 2881 1165 2929 mut„
1210 2883 1344 2920 Numa
1374 2895 1421 2921 22
1438 2896 1449 2932 3
1491 2883 1602 2922 Cass.
1648 2882 1815 2922 Hemin.

245 2943 354 2993 apud
382 2942 482 2983 Plin.
510 2944 560 2983 N.
591 2945 648 2984 H.
676 2945 774 2984 XIII
801 2946 852 2993 84
879 2945 1024 2991 (Peter.
1054 2947 1099 2985 sr.
1124 2949 1210 2997 37);
1242 2948 1285 2986 L.
1313 2947 1556 2998 Calpurnius
1587 2947 1675 2987 Piso
1704 2948 1815 2999 apud

246 3006 344 3047 Plin.
373 3007 424 3048 1.1.
448 3008 590 3059 (Peter,
619 3010 664 3048 fr.
700 3013 784 3059 11);
813 3010 864 3049 cf.
895 3009 1043 3057 Livius,
1071 3011 1083 3049 l
1125 3024 1190 3060 40,
1218 3025 1253 3050 c.
1286 3025 1347 3063 29.

311 3073 344 3117 ⁴)
371 3072 476 3112 Vide
504 3074 631 3113 Clem.
662 3076 776 3114 Alex.
805 3075 882 3116 Str.
910 3077 940 3124 1,
974 3087 1035 3127 15,
1065 3088 1127 3127 70,
1158 3090 1197 3128 p.
1226 3078 1304 3128 358
1334 3078 1375 3117 P.
