2176 3450
1151 401 1207 433 22

403 526 562 573 Getas
601 528 769 580 Κρόνον
807 522 1037 582 coluisse3
1078 522 1146 570 sic
1189 521 1446 586 Diogenes
1486 521 1714 569 Laertius
1755 521 1811 569 L.
1848 521 1959 570 VIII

402 610 434 673 ἓ
470 625 493 655 2
532 607 761 656 affirmat:
794 605 1009 661 Ζάμολξιν
1040 598 1076 661 ᾦ
1102 604 1242 648 Γέται
1273 607 1625 660 θόουσι,[(ρόνον
1643 605 1884 660 νομίζοντες
1911 614 1963 654 et

401 690 601 739 Photius
635 708 673 738 s.
692 708 737 738 v,
775 688 996 745 Ζάμολξις’
1027 689 1242 732 Μνασέασ
1272 688 1317 731 δὲ
1350 690 1465 743 παρὰ
1495 688 1657 738 Γέταις
1689 691 1763 732 τὸν
1794 690 1962 744 Κρόνον

402 779 607 829 τιμᾶσθαι
639 775 710 817 καὶ
740 773 966 817 καλεῖσθαι
998 771 1228 827 Ζάμολξιν.
1276 772 1526 820 Barbaros
1572 771 1700 820 enim
1745 772 1826 836 qui
1871 787 1963 835 pro

400 858 604 906 victimis
633 857 856 905 homines
886 857 1208 913 immolarent,
1240 855 1401 911 Κρόνου
1431 854 1643 903 cultores
1667 854 1827 902 dictos
1851 870 1964 902 esse

401 956 432 988 a
461 939 666 988 Graecis
694 940 882 988 conicio
911 940 977 987 ob
1005 939 1162 1002 ipsam
1192 939 1318 987 hanc
1352 937 1602 986 victimam
1636 937 1900 985 humanam
1913 939 1960 996 ²).

401 1024 566 1085 Quam
585 1023 652 1071 ob
671 1039 872 1070 causam
885 1022 1186 1086 Porphyrius
1203 1021 1453 1086 scripserit
1468 1024 1502 1085 ²)
1523 1021 1681 1070 Getas
1693 1019 1963 1068 Zalmoxim

399 1115 650 1170 tamquam
681 1106 943 1153 Herculem
975 1105 1162 1154 coluise
1193 1122 1290 1154 non
1319 1115 1541 1169 apparet,
1567 1104 1658 1152 nisi
1684 1103 1811 1152 forte
1836 1103 1963 1152 coni·

401 1189 625 1237 ciendum
645 1199 721 1236 est
738 1205 850 1236 eum
870 1188 964 1236 hoc
982 1199 1171 1236 tantum
1190 1188 1466 1253 significare
1489 1187 1717 1246 voluisse,
1743 1186 1963 1235 Zalmoxi

400 1272 525 1320 sicut
538 1271 735 1320 Herculi
748 1271 961 1320 humana
973 1271 1136 1320 hostia
1148 1288 1519 1335 nonnumquam
1532 1270 1648 1319 fieri.
1659 1270 1765 1318 Sed
1776 1286 1830 1319 re
1844 1286 1964 1318 vera

399 1398 521 1437 deum
549 1397 773 1448 agnovisse.
800 1398 908 1448 Ergo
934 1396 1020 1436 fieri
1047 1410 1128 1436 non
1158 1405 1291 1448 potest
1318 1396 1417 1448 quin
1444 1404 1493 1447 τῷ
1518 1400 1591 1447 ,θεῷ
1618 1395 1817 1435 Zalmoxis
1843 1394 1964 1446 signi-

399 1463 540 1502 ficetur
547 1477 559 1512 3
594 1463 761 1501 verbum
798 1470 933 1501 autem
969 1463 1116 1499 ἀπειλεῖν
1152 1462 1216 1501 hic
1253 1475 1335 1501 non
1370 1461 1414 1501 in
1450 1463 1595 1501 malam
1632 1462 1703 1501 sed
1739 1461 1781 1500 in
1813 1462 1962 1500 bonam

400 1536 554 1579 partem
589 1527 870 1578 accipiendum
909 1540 994 1567 esse
1029 1527 1188 1567 videtur
1217 1531 1363 1577 (vertas
1399 1528 1504 1577 „deo
1539 1540 1612 1567 suo
1648 1534 1742 1566 vota
1768 1526 1961 1575 faciunt'',

399 1605 481 1632 non
503 1593 607 1642 „deo
625 1592 855 1632 minantur''
864 1607 876 1643 3
891 1594 942 1632 cf.
960 1595 1084 1632 Hom.
1102 1594 1145 1632 11.
1162 1594 1303 1632 xxm
1322 1593 1426 1643 863).
1444 1592 1649 1632 Rohdium
1672 1605 1776 1632 unus
1798 1600 1958 1632 tantum

398 1658 606 1709 interpres,
640 1660 698 1697 M.
726 1659 920 1707 Kasarov,
949 1666 1110 1697 secutus
1139 1667 1198 1698 est
1226 1658 1346 1708 (Klio,
1379 1671 1478 1708 ¹912
1508 1671 1548 1709 p.
1579 1658 1791 1709 355-364);
1828 1658 1879 1697 ef.
1908 1657 1960 1697 G.

399 1723 534 1773 Seure,
561 1724 703 1762 Revue
730 1723 770 1765 d.
798 1715 950 1762 Etudes
977 1723 1114 1772 Grecs,
1149 1737 1248 1774 1913
1278 1737 1317 1774 p.
1349 1735 1425 1774 254
1453 1737 1538 1774 seq.

468 1789 496 1836 1)
536 1788 667 1827 Aliam
709 1788 826 1828 huius
865 1788 1084 1828 tralationis
1124 1801 1286 1828 causam
1328 1789 1473 1828 Rohde
1513 1788 1645 1828 attulit
1690 1788 1760 1839 qui
1803 1788 1959 1839 scripsit

398 1854 567 1906 (Psyche
593 1855 631 1892 II
663 1867 704 1904 p.
733 1855 799 1905 30)
825 1855 979 1903 „Wenn
1011 1855 1198 1893 Mnaseas
1226 1855 1305 1893 den
1333 1855 1375 1894 Z.
1404 1855 1497 1893 dem
1526 1855 1688 1893 Kronos
1715 1854 1959 1905 gleichsetzu

399 1931 444 1959 so
470 1918 566 1970 liegt
594 1919 659 1958 die
686 1918 939 1959 Aenlichkeit
967 1920 1038 1958 der
1064 1919 1211 1958 beiden
1239 1920 1384 1959 GOtter
1410 1921 1517 1958 ohne
1544 1920 1672 1970 Frage
1703 1918 1832 1967 daria,
1868 1910 1959 1958 dass

398 1984 516 2024 beide
543 1985 643 2023 uber
669 1985 748 2023 den
778 1984 942 2024 Geisten
972 1985 1043 2023 der
1069 1984 1227 2036 Seligen
1257 1985 1311 2023 im
1336 1984 1508 2035 Jenseits
1537 1983 1720 2024 walten”.
1750 1985 1831 2024 Sed
1859 1985 1958 2024 haec

398 2049 615 2090 similitudo
649 2049 781 2089 minus
808 2049 975 2101 insignis
1004 2049 1111 2106 mihi*
1129 2063 1215 2089 esse
1243 2050 1412 2090 videtur.
1440 2049 1791 2101 Carthaginienses
1817 2057 1954 2088 autem

395 2115 485 2166 Jovi
524 2116 674 2167 (Κρόνῳ)
714 2115 892 2154 humana
932 2115 1062 2154 hostia
1101 2115 1302 2155 faciebant
1338 2115 1395 2154 ita
1431 2124 1474 2155 ut
1509 2116 1671 2154 caderet
1698 2115 1743 2157 εἷς
1770 2130 1805 2152 τι
1833 2117 1959 2166 χάσμα

397 2181 521 2233 πλῆρες
546 2180 652 2233 πυρός
680 2188 720 2219 et
746 2180 957 2231 Euripides
984 2181 1143 2219 videtur
1169 2182 1312 2218 ἐντεῦθεν
1340 2182 1505 2231 εἰληφέναι
1527 2181 1571 2218 τὰ
1588 2182 1863 2232 μυθολογούμενα
1879 2182 1960 2233 παρ’

397 2248 512 2288 αὐτοῖς
550 2247 626 2297 περὶ
664 2247 725 2285 τὴν
766 2246 799 2282 ἐν
840 2249 985 2298 Ταύροις
1024 2249 1156 2296 θυσίαν,
1198 2248 1232 2283 ἐν
1261 2245 1309 2289 οἷς
1335 2248 1462 2297 εἰσάγει
1490 2248 1550 2287 τὴν
1585 2247 1777 2296 Ἰφιγένειαν
1804 2246 1873 2285 ὑπὸ
1899 2253 1961 2284 τοῦ

397 2312 558 2364 Ὀρέστου
584 2311 826 2363 διερωτημένην

744 2386 854 2433 Τάφος
881 2382 920 2419 δὲ
947 2389 1041 2425 ποῖος
1069 2382 1203 2427 δέξεταί
1229 2384 1266 2433 μ’
1294 2383 1375 2420 ὅταν
1402 2386 1510 2428 θάνως

747 2454 819 2500 Πῦρ
848 2448 936 2500 ἱερὸν
964 2447 1072 2495 ἔνδον,
1100 2452 1225 2499 χάσμα
1251 2449 1282 2485 τ’
1309 2449 1460 2501 εὐρωπὸν
1486 2449 1608 2499 χθονός

465 2519 532 2559 Ad
558 2533 680 2570 quem
709 2519 875 2559 Diodori
901 2521 1034 2559 locum
1057 2521 1164 2568 (XX,
1190 2533 1237 2568 14
1245 2534 1256 2569 ;
1273 2519 1474 2571 Euripidis
1493 2528 1588 2560 sunt
1607 2533 1743 2559 versus
1761 2533 1811 2558 ex
1829 2519 1959 2572 Iphig.

397 2585 520 2624 Taur.
549 2586 625 2636 613
656 2588 756 2636 seq.)
797 2586 856 2625 M.
884 2587 1026 2635 Mayer
1053 2585 1094 2624 in
1123 2586 1316 2624 Roscheri
1343 2585 1470 2624 lexico
1498 2599 1530 2625 s.
1549 2599 1585 2624 v.
1614 2587 1776 2625 Kronos
1794 2599 1834 2637 p.
1858 2597 1960 2636 1504

398 2650 624 2689 adnotavit:
640 2651 714 2698 „E.
729 2651 935 2701 ubertragt
953 2651 1036 2689 also
1050 2650 1116 2690 die
1135 2651 1375 2690 Gebrauche
1391 2652 1461 2690 des
1479 2651 1767 2690 Phonizischen
1783 2652 1960 2690 Kronos-

397 2714 573 2754 dienstes
599 2716 673 2754 auf
694 2715 760 2754 die
786 2715 1059 2755 Verhaltnisse
1086 2716 1158 2755 der
1184 2715 1376 2767 Skythen,
1395 2717 1496 2755 wohl
1514 2716 1599 2756 weil
1620 2717 1742 2756 deren
1760 2716 1958 2756 Zalmoxis

397 2779 471 2819 mit
510 2781 684 2827 Kronos,
726 2780 1050 2820 wahrscheinlich
1091 2781 1183 2820 dem
1224 2781 1500 2832 griechischen
1543 2783 1608 2829 (cf.
1644 2795 1684 2832 p.
1717 2783 1834 2833 1481)
1875 2794 1960 2821 ver-

397 2845 584 2885 wechselt
610 2845 771 2884 wurde”
786 2860 797 2895 ς
825 2847 875 2885 cf.
903 2846 1005 2885 Plut.
1034 2847 1086 2886 de
1112 2846 1292 2897 Superst.
1323 2859 1368 2885 12

465 2909 495 2958 ⁹)
522 2909 775 2961 Porphyrius,
804 2912 853 2950 V.
882 2912 924 2950 P.
954 2916 973 2959 ξ
1005 2925 1078 2960 14:
1114 2910 1201 2954 τινὲς
1228 2910 1267 2948 δὲ
1293 2913 1350 2948 καὶ
1376 2913 1493 2953 Θαλῆν
1518 2912 1639 2950 τοῦτόν
1675 2913 1827 2963 (Zalm.)
1858 2926 1959 2962 φασιν

398 2975 633 3026 ὀνομάζεσθαι·
674 2976 720 3017 ὦς
761 2975 927 3028 Ἠρακλέα
968 2976 1000 3013 δ’
1041 2976 1145 3014 αὐτὸν
1172 2982 1416 3029 προσκυνοῦσιν
1444 2979 1476 3014 οἱ
1502 2979 1674 3030 βάρβαροι
1687 2992 1699 3027 ;
1741 2978 1794 3017 de
1820 2977 1958 3017 hostiis

397 3040 583 3080 humanis
610 3040 757 3091 quibus
787 3041 954 3080 Herculi
982 3042 1104 3081 fiebat
1131 3043 1182 3082 cf.
1210 3044 1268 3082 M.
1297 3044 1450 3093 Mayer,
1478 3043 1527 3081 ll.
1558 3056 1597 3093 p.
1629 3055 1743 3094 1503.
