2170 3522
1107 432 1163 464 10

351 556 728 604 Brieft‘aselchen
759 572 819 602 an
850 555 930 602 die
963 553 1320 618 Angehorigen
1353 552 1415 598 im
1440 551 1648 613 jenseits
1678 550 1842 598 finden
1862 550 1911 598 in

352 641 447 687 den
468 638 846 702 Goldplattchen
867 654 962 684 von
982 636 1150 683 Thurii
1171 636 1269 682 und
1289 634 1488 687 Petelia,
1510 633 1911 698 pythagoreisch·

351 722 647 786 orphischen
668 720 962 784 Gegenden,
990 717 1276 774 Parallelen,
1303 717 1367 764 da
1391 717 1527 764 diese
1546 716 1911 779 Anweisungen

351 822 412 853 an
448 805 543 852 den
580 803 962 857 Verstorbenen,
1000 818 1099 848 was
1134 800 1205 847 sie
1241 816 1331 846 vor
1365 799 1454 847 der
1491 798 1831 846 Hadesherrin
1855 815 1912 845 zu

351 904 522 951 sagen,
542 886 699 933 wohin
725 886 795 933 sie
820 886 866 931 in
893 885 972 932 die
1003 882 1268 931 Unterwelt
1291 882 1392 929 sich
1416 899 1470 928 zu
1497 881 1702 929 wenden
1727 881 1910 937 hatten,

352 988 398 1018 u.
419 987 455 1018 s.
477 987 532 1016 w.
568 987 623 1016 zu
660 967 909 1015 enthalten
945 965 1212 1030 pflegten'’.

415 1053 572 1099 Recte
590 1051 787 1114 quidem
807 1049 885 1097 ille
922 1049 1090 1097 Italiae
1121 1047 1364 1096 inferioris
1394 1047 1596 1095 laminas
1626 1064 1736 1094 cum
1767 1046 1909 1095 Gala·

351 1146 510 1183 tarum
527 1134 674 1182 literis
693 1132 1043 1196 sepulcralibus
1056 1131 1272 1188 contulit,
1288 1131 1378 1178 sed
1392 1130 1551 1178 eidem
1568 1147 1666 1178 non
1681 1129 1915 1193 astipulor

351 1217 576 1265 iudicanti
595 1217 721 1263 hunc
739 1214 1057 1279 epistularum
1077 1231 1267 1262 morem
1293 1214 1357 1261 ab
1383 1213 1615 1276 Orphicis
1639 1211 1912 1276 profectum

352 1317 485 1357 esse,
510 1315 804 1362 quamquam
824 1298 953 1345 idem
973 1307 1108 1345 recte
1126 1296 1408 1344 observavit
1427 1295 1684 1343 Lehrsium
1702 1311 1911 1353 errasse,

352 1384 431 1446 qui
450 1383 495 1430 in
514 1383 701 1430 laminis
720 1381 882 1429 aureis
901 1380 1131 1428 nonnulla
1148 1380 1456 1444 Aegyptiaca
1474 1379 1571 1443 legi
1591 1378 1911 1426 contenderit.

353 1466 472 1513 Mihi
502 1465 632 1513 enim
659 1480 944 1527 persuasum
971 1474 1046 1511 est
1075 1463 1323 1510 literarum
1355 1461 1695 1525 sepulcralium
1725 1478 1914 1509 morem

353 1565 517 1612 neque
536 1565 596 1596 ex
611 1547 969 1612 Aegyptiorum
990 1563 1079 1593 usu
1099 1546 1363 1593 deductum
1384 1562 1496 1592 esse
1510 1561 1671 1609 neque
1685 1544 1915 1608 Orphicis

353 1631 534 1687 deberi.
572 1630 721 1691 Quod
756 1641 809 1677 ut
843 1630 1193 1685 demonstrem,
1241 1629 1373 1691 prius
1420 1629 1483 1675 de
1531 1628 1817 1675 laminarum
1865 1637 1915 1675 et

355 1713 648 1778 Aegyptiaci
701 1713 1007 1760 Mortuorum
1059 1711 1189 1758 Libri
1241 1711 1564 1767 similitudine,
1619 1710 1798 1757 deinde
1850 1710 1914 1758 de

352 1797 775 1861 Pythagoreorum
813 1795 987 1842 ritibus
1022 1794 1375 1857 sepulcralibus
1412 1810 1565 1858 agere
1599 1793 1731 1840 volo.

355 2075 415 2122 A.
485 2074 562 2122 De
619 2074 921 2121 laminarum
977 2079 1022 2120 et
1069 2073 1355 2136 Aegyptiaci
1399 2073 1719 2119 Mortuorum
1770 2072 1915 2119 Librz

484 2157 813 2204 szmzlz'tudz‘ne.

422 2293 713 2351 Dieterichl)
733 2293 796 2340 de
812 2293 1034 2340 versibus
1047 2292 1275 2339 Petelinis
1293 2292 1485 2355 scripsit
1503 2292 1626 2339 haec
1642 2291 1751 2349 „via
1770 2291 1913 2339 animi

354 2376 701 2424 descendentis
720 2376 1007 2423 describitur
1025 2385 1075 2422 et
1093 2375 1233 2438 quasi
1251 2375 1545 2422 itinerarium
1572 2374 1687 2422 Orci
1707 2373 1915 2422 mortuis

355 2459 572 2506 traditur.
604 2458 807 2506 Summa
836 2470 910 2506 est
939 2458 1200 2506 similitudo
1225 2459 1500 2522 argumenti
1527 2458 1650 2504 inter
1675 2456 1755 2505 illa
1780 2467 1830 2504 et
1854 2473 1916 2504 ea

355 2557 483 2604 quae
497 2542 656 2602 insunt
670 2542 715 2588 in
728 2541 861 2588 libris
873 2541 1224 2604 sepulcralibus
1233 2542 1415 2604 (vocari
1428 2540 1588 2588 solent
1597 2539 1915 2602 Totenbuch)

355 2624 728 2688 Aegyptiorum.
772 2624 874 2672 Sed
916 2641 995 2671 me
1035 2625 1142 2687 ipse
1186 2624 1412 2671 cohibeo.
1455 2623 1756 2687 Pythagorei
1799 2623 1915 2671 item

356 2715 504 2769 atque
536 2707 767 2771 Aegyptii
797 2723 1007 2770 corpora
1032 2707 1283 2754 inhumata
1307 2707 1493 2754 servari
1519 2706 1790 2764 voluerunt,
1819 2722 1915 2754 non

355 2789 471 2854 igne
505 2789 700 2837 deleri”.
739 2789 978 2837 Dolemus
1013 2790 1148 2853 quod
1186 2790 1436 2837 Dieterich
1470 2790 1611 2837 istam
1644 2805 1915 2846 „summam

356 2872 632 2936 argumenti
660 2872 1049 2920 similitudinem’'
1081 2890 1178 2920 non
1209 2873 1561 2920 demonstravit
1591 2883 1641 2919 et
1672 2872 1916 2935 inquirere

428 3060 460 3112 1)
488 3059 700 3110 Dieterich,
730 3061 876 3100 Kleine
903 3061 1113 3110 Schriften,
1144 3075 1183 3109 p.
1215 3063 1320 3100 1004.
