2176 3450
1021 370 1108 418 ¹33

276 491 410 541 vitae
431 501 483 540 et
517 490 778 540 formulam
811 490 1098 550 'sburinam‚
1133 508 1283 557 quam
1313 491 1471 541 credit
1499 491 1704 539 omnino
1732 508 1845 540 con-

275 592 456 642 gruere
478 591 588 623 cum
613 574 929 624 Sabaziorum
954 574 1166 639 symboli
1201 585 1343 639 parte
1377 574 1535 624 altera
1549 574 1584 639 ι)
1617 603 1684 612 ---
1719 571 1847 636 εὗρον

275 657 450 717 ἄμεινον
490 687 556 694 -
589 658 682 707 hac
716 658 1005 723 paraphrasi
1038 658 1208 707 vertit:
1247 657 1352 717 „Le
1387 667 1547 723 myste
1581 674 1639 707 se
1672 657 1845 707 felicite

274 740 551 790 seulement
591 741 783 790 d’avoir
824 743 998 790 trouve
1042 741 1106 789 du
1152 741 1250 800 lait,
1296 742 1524 807 peutetre
1568 741 1734 790 meme
1778 758 1843 789 un

275 823 497 873 ruisseau
525 825 590 873 de
618 824 705 873 lait
731 823 891 892 [lactis
914 824 1094 873 uberes
1117 825 1249 874 rivos
1273 825 1415 886 (Hor.
1435 824 1534 874 Od.
1555 824 1608 883 11,
1640 839 1712 885 19,
1743 822 1843 892 10)]

274 906 570 956 &est-adire
604 907 670 957 de
704 908 821 973 quoi
855 907 902 956 le
937 908 1126 956 nourrir
1159 908 1286 957 dans
1320 907 1369 957 la
1402 907 1484 957 vie
1518 906 1746 956 nouvelle
1778 907 1844 955 de

273 989 520 1040 chevreau
554 991 637 1055 qui
672 1007 961 1040 commence
995 1007 1122 1055 pour
1155 990 1267 1040 lui.'’
1300 991 1391 1040 Cui
1420 991 1674 1056 interpreti
1702 990 1844 1039 Diels

272 1073 567 1137 astipulatus
601 1084 679 1123 est
711 1074 795 1139 qui
830 1074 944 1123 nihil
968 1075 1056 1123 nisi
1080 1075 1176 1124 hoc
1196 1075 1262 1124 ad
1282 1074 1540 1124 formulam
1564 1074 1840 1124 adnotavit:

274 1156 414 1214 „Das
449 1156 602 1205 heisst
635 1157 924 1206 vermutlich
965 1157 1065 1206 »als
1104 1157 1377 1223 geweihter
1418 1157 1843 1222 Dionysosdiener

271 1239 510 1305 gelangte
533 1240 611 1288 ich
635 1240 681 1289 in
706 1240 798 1289 das
820 1240 977 1300 Laud,
1002 1258 1079 1290 wo
1103 1240 1252 1290 Milch
1277 1242 1380 1290 und
1406 1241 1575 1307 Honig
1603 1240 1842 1291 fliesst.‹'’

337 1323 595 1372 Postremo
623 1324 688 1372 ad
717 1322 1043 1388 Comparettii
1077 1334 1357 1374 commenta
1390 1325 1613 1374 venimus
1640 1325 1722 1390 qui
1750 1324 1841 1374 for·

270 1405 452 1454 mulam
499 1405 627 1455 hunc
672 1407 718 1454 in
753 1407 956 1455 modum
990 1407 1407 1472 interpretatur¹):
1444 1408 1654 1472 ,ξἘριφος
1692 1409 1723 1457 ὲ
1755 1406 1840 1474 qui

269 1489 480 1538 simbolo
520 1489 569 1537 di
609 1490 878 1539 innocenza
917 1507 947 1539 e
987 1508 1206 1556 purezza,
1247 1508 1391 1541 come
1435 1508 1598 1558 agnus
1643 1508 1736 1556 per
1772 1490 1839 1557 gli

269 1572 447 1621 antichi
482 1573 712 1630 cristiani,
748 1574 930 1638 qualita
964 1585 1141 1639 questa
1175 1573 1268 1624 che
1302 1574 1547 1641 distingue
1581 1574 1838 1624 essenzial·

269 1666 436 1704 mente
470 1654 708 1714 l'iniziato,
749 1657 815 1705 ed
848 1659 877 1706 ὲ
911 1675 1077 1706 messa
1110 1658 1157 1706 in
1194 1658 1342 1722 piena
1374 1658 1609 1707 evidenza
1637 1658 1685 1707 in
1714 1657 1838 1707 altre

268 1738 518 1787 laminette
536 1738 629 1787 che
647 1740 952 1790 cominciano
970 1758 1062 1790 con
1090 1743 1270 1804 ἔρχομαι
1296 1741 1346 1790 ἐκ
1370 1745 1582 1805 καθαρῶν
1606 1740 1836 1806 xor-'inquil'

269 1820 396 1869 Huic
430 1822 682 1885 interpreti
717 1822 765 1870 in
801 1834 1018 1873 mentem
1053 1841 1344 1873 revocamus
1384 1823 1654 1874 Clementis
1691 1823 1837 1874 Alex-

267 1904 459 1954 andrini
502 1905 665 1954 locum
685 1907 735 1970 ⁸),
782 1907 863 1955 ubi
907 1908 1195 1965 maenades,
1241 1907 1475 1958 Semelae
1520 1925 1736 1967 sorores,
1786 1919 1839 1958 et

266 1987 472 2046 ᾰμνάᾶες,
497 1988 592 2037 Dei
624 1988 775 2048 filiae,
802 1990 930 2039 inter
951 2008 1008 2040 se
1032 2001 1365 2056 opponuntur,
1390 2000 1442 2041 et
1464 1991 1748 2058 relegamus
1771 1992 1837 2041 ad

266 2070 507 2119 Matthaei
552 2072 903 2132 testimonium,
949 2075 1217 2124 secundum
1265 2092 1414 2140 quem
1442 2075 1615 2124 Pastor
1643 2075 1836 2124 divinus

265 2153 473 2218 ἀφορίζει
496 2152 550 2203 τά
577 2153 781 2218 πρόβατα
805 2157 895 2204 vimi
919 2161 1004 2205 τῶν
1035 2158 1216 2221 ἐρίφων.
1236 2159 1272 2220 ⁴)
1319 2158 1451 2207 Num
1490 2159 1627 2208 credi
1668 2168 1837 2224 potest

268 2236 497 2287 eximiam
532 2238 863 2288 innocentiam
896 2250 949 2288 et
981 2241 1257 2291 castitatem
1284 2242 1431 2291 haedi
1461 2242 1661 2291 nomine
1690 2242 1836 2308 signi·

266 2319 469 2370 ficatam
504 2323 644 2371 oese?

726 2443 789 2491 D.
823 2443 1092 2508 Scrzptorzls
1124 2446 1370 2494 sententia.

333 2529 590 2578 Variorum
617 2531 940 2596 interpretum
965 2533 1235 2582 sententias
1263 2545 1580 2584 recensentes
1608 2535 1833 2584 videmus

333 2631 362 2677 ι)
389 2631 556 2671 Sabazio
595 2631 740 2673 initiati
782 2633 916 2674 dicere
955 2633 1218 2675 iubebantur:
1245 2634 1365 2686 ἔφυγον
1404 2635 1518 2685 κακόν,
1559 2636 1656 2689 εὖρον
1695 2636 1833 2688 ἄμεινον

262 2697 502 2747 (nemesin,
530 2698 582 2738 de
609 2711 691 2739 cor.
720 2703 740 2747 ς
769 2710 867 2751 2593
895 2701 947 2740 cf.
977 2701 1188 2741 Vartheim
1216 2702 1269 2742 1.1.
1298 2715 1340 2754 p.
1363 2703 1412 2752 87
1437 2710 1477 2743 et
1496 2702 1712 2753 Dieterich,
1731 2703 1833 2744 Eine

265 2761 461 2803 Mithml.
489 2777 530 2815 p.
559 2764 663 2815 ²¹5)-

324 2826 362 2878 ³)
389 2828 638 2879 Comparetti
665 2830 716 2870 1.1.
736 2830 873 2870 laudat
887 2830 1135 2882 Olivierium‚
1163 2823 1233 2884 qui
1260 2833 1326 2879 (1.1.
1343 2846 1382 2884 p.
1398 2846 1449 2885 43
1466 2834 1565 2886 seq.)
1593 2847 1747 2886 „pensa
1761 2847 1833 2886 per

261 2890 372 2944 ἔριφος
399 2893 437 2932 al
465 2894 665 2946 Dionyson
684 2894 839 2935 infante
857 2909 880 2935 e
898 2897 963 2947 pel
981 2898 1072 2947 γάλα
1090 2898 1166 2937 alla
1182 2897 1406 2938 innocenza
1425 2899 1515 2939 dell'
1535 2899 1671 2939 anima
1689 2899 1833 2951 puta.”

330 2956 363 3006 ⁸)
390 2957 516 2999 clem.
546 2959 672 3008 Alex„
701 2960 806 3000 Prot.
835 2962 927 3010 XII,
962 2975 1050 3013 ¹¹9·

328 3025 361 3071 ⁴)
389 3025 534 3066 Matth.
562 3038 601 3067 c.
628 3027 780 3076 XXIV,
808 3032 828 3076 5
855 3040 921 3080 31.
