2176 3450
1169 358 1230 405 74

414 490 466 529 et
499 480 705 528 adnotat
739 497 848 528 cum
884 481 929 528 in
965 480 1155 528 laminis
1190 491 1291 528 tum
1329 481 1374 528 in
1409 481 1728 545 Empedoclis
1756 481 1978 531 versibus

414 563 478 611 de
512 563 714 627 pristina
749 563 943 611 animae
976 563 1292 620 beatitudine,
1335 564 1400 611 de
1446 564 1551 612 eius
1596 564 1878 623 sceleribus,
1913 565 1978 614 de

413 645 520 694 Fati
554 645 817 702 destinato,
855 645 919 693 de
954 646 1147 694 animae
1183 645 1330 694 exilio
1377 646 1471 711 agi.
1525 645 1780 696 Hactenus
1830 647 1978 713 igitur

414 728 616 778 Delatte
630 728 915 776 Dietericho
926 728 959 792 1)
980 728 1279 791 astipulatur,
1299 729 1380 792 qui
1398 728 1610 778 laminae
1621 746 1818 779 versum
1830 730 1978 780 refert

413 812 479 860 ad
524 811 837 876 Pythagorae
883 821 933 859 et
977 809 1167 874 Orphei
1213 810 1405 875 placita,
1441 829 1502 860 ex
1543 813 1718 876 quibus
1753 812 1978 862 homines

415 911 543 953 „non
573 894 726 942 modo
755 893 992 941 scelerum
1023 903 1073 942 et
1103 893 1504 953 malefactorum,
1523 895 1615 943 sed
1633 896 1783 944 etiam
1802 895 1977 960 culpae

413 977 665 1026 cuiusdam
711 976 1031 1041 primigeniae
1077 993 1291 1040 poenam
1338 977 1498 1037 luunt3
1535 978 1649 1027 inde
1684 980 1865 1027 iactum
1901 988 1978 1028 est

410 1070 464 1109 ut
496 1060 619 1108 haec
653 1059 895 1108 terrestris
929 1059 1027 1108 vita
1061 1059 1170 1123 ipsa
1203 1076 1370 1123 poena
1387 1070 1522 1109 esset
1553 1065 1749 1110 παλαιοῦ
1772 1064 1977 1120 πένθεος,

412 1159 538 1207 quae
573 1143 667 1190 iam
703 1142 842 1190 Plato
877 1142 942 1205 (in
979 1142 1181 1206 Cratylo
1212 1160 1258 1206 p.
1278 1158 1377 1204 400
1395 1147 1439 1203 e)
1467 1143 1696 1208 Orphicis
1724 1143 1975 1208 imputat.'’

478 1223 728 1273 Dieterich
775 1236 940 1273 autem
988 1242 1087 1274 non
1134 1225 1293 1273 solum
1328 1226 1646 1290 Empedoclis
1679 1243 1852 1276 versus
1885 1226 1977 1275 sed

413 1309 558 1358 etiam
595 1309 720 1356 duos
754 1308 892 1357 locos
927 1308 1121 1356 Pindari
1138 1310 1171 1372 2)
1207 1309 1338 1366 citat,
1376 1310 1458 1372 qui
1493 1320 1628 1358 sunt:

527 1443 608 1488 οἶσι
642 1445 687 1488 δὲ
719 1448 964 1500 Φερσεφὸνα
995 1447 1150 1489 ποινὰν
1183 1444 1366 1489 παλαιοῦ
1398 1446 1579 1497 πένθεος

531 1529 709 1582 δέξεται,
744 1532 784 1579 ἐς
817 1532 889 1573 τὸν
920 1530 1105 1584 ὕπερθεν
1136 1529 1260 1573 ἅλιον
1292 1531 1442 1573 κείνων
1474 1533 1609 1586 ἐνάτῳ
1640 1531 1723 1573 ἔτει

530 1613 700 1657 (ἐνδιδοῖ
730 1615 872 1670 ψυχὰς
904 1612 1034 1656 πάλιν
1053 1647 1062 1656 .
1083 1646 1093 1656 .
1113 1647 1123 1657 .
1157 1617 1198 1663 ἐς
1230 1613 1274 1656 δὲ
1309 1616 1381 1658 τὸν
1414 1613 1563 1658 λοιπὸν
1594 1616 1720 1670 ἥρωες
1756 1617 1882 1669 ἁγνοὶ

1165 1700 1266 1750 πρὸς·
1297 1699 1541 1752 ἀνθρώπων
1573 1698 1814 1743 καλεῦνται.
1829 1700 1859 1756 ²)

412 1808 462 1847 et
483 1800 516 1861 ⁸)
537 1817 545 1845 :

1151 1914 1264 1962 οἶδεν
1297 1920 1342 1960 τὸ
1374 1918 1531 1973 μέλλον

529 2002 595 2043 ὅτι
626 2002 852 2043 θανόντων
883 2003 959 2053 μὲν
992 2001 1145 2044 ἐνθάδ’
1175 2003 1314 2045 αὐτίκ’
1346 2002 1590 2057 ἀπάλαμνοι
1622 2003 1782 2058 φρένες,

530 2086 682 2133 ποινὰς
713 2084 872 2140 ἔτισαν,
905 2086 957 2126 τὰ
990 2084 1027 2127 δ’
1062 2087 1114 2129 ἐν
1140 2086 1241 2141 τᾷδε
1274 2089 1375 2137 Διὸς
1405 2087 1513 2144 ἀρχᾷ

530 2167 680 2221 ἀλιτρὰ
713 2170 822 2210 κατὰ
854 2173 932 2221 γᾶς
965 2168 1124 2219 δικάζει
1157 2187 1220 2220 τις
1252 2173 1384 2227 ἐχθρᾷ

532 2251 658 2305 λόγον
690 2257 868 2307 φράσαις
898 2253 1082 2307 ἀνάγκᾳ.

480 2445 508 2492 1)
538 2443 752 2492 Dieterich,
782 2444 848 2482 Kl.
879 2444 988 2482 Schr.
1018 2457 1056 2494 p.
1089 2443 1223 2495 93s94.

478 2510 506 2556 2)
534 2508 686 2548 Threni
714 2510 983 2559 fragmentum
1011 2509 1052 2546 in
1083 2508 1256 2548 Platonis
1285 2510 1463 2548 Menone
1491 2522 1530 2560 p.
1562 2511 1607 2547 81
1640 2510 1670 2546 B
1699 2508 1903 2559 traditum,
1931 2508 1973 2548 in

408 2574 568 2626 Bergkii
594 2576 664 2626 lyr.
693 2575 762 2613 Gr.
790 2575 827 2613 1⁴
854 2575 944 2622 428.
974 2574 1176 2613 Dieterich
1204 2574 1256 2613 1.1.
1285 2581 1324 2613 et
1351 2574 1507 2625 Nekyia
1529 2587 1570 2625 p.
1599 2573 1786 2626 1o8l109.

477 2641 507 2686 8)
533 2640 648 2679 Pind.
678 2640 740 2680 Ol.
770 2641 807 2678 II
836 2640 908 2690 633
936 2638 1028 2678 vide
1057 2639 1183 2678 Procli
1212 2641 1427 2690 Hymnum
1455 2641 1525 2688 IV,
1556 2640 1579 2677 8
1607 2652 1698 2690 seq:

726 2739 813 2790 μηδέ
840 2754 881 2790 με
908 2741 1054 2782 ληθαὶοις
1082 2740 1149 2777 ὑπὸ
1176 2743 1345 2790 χεύμασιν
1374 2740 1477 2777 οὺλοὰ
1503 2741 1607 2791 ῥέζων

730 2805 863 2855 δαίμων
891 2804 961 2842 αἰὲν
989 2804 1065 2856 ἔχοι
1092 2808 1252 2857 μακάρων
1280 2807 1460 2843 ἀπάνευθεν
1487 2806 1598 2854 ἐόντα,

729 2871 776 2920 μὴ
803 2876 936 2922 κρυερῆς
963 2871 1114 2920 γενέθλης
1136 2872 1183 2907 ἐνὶ
1209 2874 1338 2921 κύμασι
1364 2876 1576 2908 πεπτωκυῖαν

723 2935 837 2986 ψυχὴν
866 2938 924 2972 οὐκ
950 2936 1127 2972 ἐθέλουσαν
1156 2937 1237 2985 ἐμὴν
1266 2937 1320 2973 ἐπὶ
1347 2935 1450 2988 δηρὸν
1478 2937 1627 2972 ἀλᾶσθαι

730 3005 829 3042 ποινὴ
852 3016 903 3043 τις
930 3001 1095 3052 κρυόεσσα
1123 3002 1200 3051 βίου
1226 3001 1384 3051 δεσμοῖσι
1410 3000 1553 3053 πεδήσῃ.
