2176 3450
1101 398 1166 443 40

353 520 569 579 „Eukles
597 520 696 568 and
724 519 1006 568 Eubouleus
1036 536 1120 567 are
1150 519 1198 566 in
1230 518 1328 566 fact
1355 517 1470 582 only
1489 518 1619 567 titles
1638 518 1696 567 of
1707 519 1793 567 the
1814 535 1912 568 one

350 603 466 652 God
506 602 565 650 of
599 602 834 667 Orphism
879 602 987 650 who
1028 618 1242 665 appears
1282 601 1438 649 under
1478 618 1625 665 many
1665 601 1816 650 forms
1856 618 1913 650 as

350 686 537 743 Hades‚
572 685 807 750 ZagreuS,
844 685 1038 733 Phanes
1071 684 1171 732 and
1204 683 1288 732 the
1322 683 1467 731 like.'’

785 910 816 972 ἓ
849 923 894 968 4.
931 909 1009 956 De
1040 909 1122 957 deo
1156 925 1201 972 q.
1220 925 1256 956 e.
1280 908 1480 971 Ἔριφος.

413 1045 726 1110 Quamquam
757 1045 1000 1093 thiasotae
1031 1045 1307 1109 Dionysum
1338 1062 1437 1093 non
1467 1045 1753 1094 nominatim
1784 1045 1914 1095 invo-

350 1139 599 1186 caverunt,
624 1138 674 1176 et
698 1127 824 1175 hunc
849 1129 997 1176 deum
1024 1127 1234 1176 coluisse
1263 1128 1503 1176 videntur.
1539 1128 1754 1177 Carmen
1783 1128 1912 1177 enim

349 1212 397 1258 A
432 1211 530 1259 exit
573 1211 620 1259 in
661 1210 944 1259 formulam:
993 1212 1145 1273 ἔριφος
1180 1215 1226 1265 ἐς
1261 1208 1374 1269 γάλα
1410 1211 1564 1259 ἕπετον
1608 1221 1660 1259 et
1705 1211 1751 1259 in
1799 1211 1911 1260 lam.

347 1293 500 1341 Thur.
537 1293 603 1341 IV
637 1312 683 1342 v.
717 1307 741 1355 5
773 1294 972 1359 legitur:
1003 1295 1155 1357 ἔριφος
1180 1297 1225 1348 ἐς
1248 1294 1343 1354 γάλ]
1368 1295 1533 1348 ἔπειες.
1577 1293 1657 1342 De
1686 1304 1794 1343 tota
1821 1293 1915 1344 hac

347 1376 554 1425 formula
589 1394 698 1425 cum
734 1377 859 1424 infra
892 1394 1045 1442 agere
1092 1377 1138 1425 in
1185 1377 1348 1425 animo
1393 1377 1468 1435 sit,
1517 1366 1644 1426 nunc
1687 1387 1915 1426 tenemus

347 1477 523 1509 vocem
579 1460 708 1508 illam
766 1461 931 1523 ἔριφος,
989 1478 1088 1524 quo
1146 1460 1343 1508 nomine
1402 1459 1655 1525 Dionysus
1711 1459 1827 1509 olim
1883 1477 1914 1509 a

349 1542 627 1591 Laconibus
678 1543 833 1592 cultus
884 1553 973 1592 est.
1029 1543 1310 1607 Hesychius
1360 1543 1490 1591 enim
1541 1553 1749 1592 testatur
1797 1560 1836 1592 s.
1867 1560 1913 1592 v.

349 1623 641 1688 Εἰραφιώτης·
677 1626 702 1674 ὁ
738 1625 961 1683 Διόνυσος,
1000 1627 1124 1688 παροέ
1159 1626 1208 1673 τὸ
1246 1624 1478 1689 ἐρράφθαι
1517 1629 1561 1673 ἐν
1595 1632 1659 1687 τῷ
1686 1630 1816 1689 μηρῷ
1838 1631 1917 1674 τοῦ

347 1707 465 1763 Διός·
482 1713 550 1756 καὶ
579 1711 743 1773 ἔριφος,
769 1710 892 1773 παροέ
917 1707 1136 1766 Λάκωσιν,
1155 1709 1286 1757 idem
1304 1726 1342 1757 s.
1362 1708 1620 1771 ν.”Εριφος·
1644 1708 1671 1756 o‘
1692 1706 1915 1766 Διόνυσος,

349 1801 400 1840 et
418 1809 454 1839 S.
476 1809 520 1839 v.
540 1789 820 1855 ἐριφιήματα·
841 1793 985 1855 ἔριφοι
1007 1790 1228 1846 Λάκωνες.
1260 1791 1426 1854 Quem
1447 1790 1631 1840 cultum
1655 1791 1704 1840 in
1729 1790 1914 1840 Italiam

347 1875 637 1923 translatum
662 1892 774 1923 esse
801 1874 1142 1939 Apollodorus
1166 1875 1212 1923 in
1237 1875 1410 1938 Steph.
1445 1875 1555 1939 Byz.
1575 1891 1672 1923 s.v.
1694 1872 1916 1936 ἄκρώρεια

349 1958 519 2006 docet:
557 1959 680 2022 παροέ
696 1962 744 2006 δὲ
763 1957 1320 2021 ΜεταποντίνοιςἘρίφιος
1348 1961 1430 2022 [sc.
1461 1961 1655 2005 ἐκαλεῖτο
1670 1958 1913 2019 Διόνυσος].

347 2040 485 2106 Ergo
522 2041 659 2090 Diels
693 2052 829 2090 recte
863 2042 1031 2090 statuit
1064 2040 1219 2107 ἔριφος
1245 2064 1286 2082 =
1313 2039 1488 2100 βάκχος.

418 2125 449 2170 X(
461 2125 653 2172 idemus
671 2125 816 2189 igitur
836 2125 1136 2189 Dionysum‘'
1145 2132 1302 2187 Εριφον
1314 2123 1579 2188 antiquitus
1593 2141 1622 2172 a
1636 2122 1915 2172 Laconibus

348 2206 530 2255 cultum
575 2225 702 2266 esse,
751 2208 879 2256 hunc
921 2207 1100 2255 cultum
1136 2224 1165 2256 e
1201 2207 1413 2256 Graecia
1447 2207 1511 2255 ad
1546 2207 1915 2271 Metapontinos

348 2290 636 2338 translatum
664 2307 791 2348 esse,
812 2290 1062 2339 Thurinos
1084 2291 1267 2353 Ἐρίφου
1295 2307 1437 2338 sacra
1454 2306 1550 2338 una
1567 2307 1678 2337 cum
1696 2289 1915 2338 Hermae

349 2373 477 2422 cultu
513 2390 543 2421 a
577 2374 931 2438 Metapontinis
966 2374 1058 2422 sibi
1094 2373 1339 2422 ascivisse.
1387 2373 1537 2435 Quod
1574 2389 1751 2420 nomen
1797 2372 1915 2436 quid

349 2457 438 2504 sibi
484 2457 693 2504 voluerit
727 2456 874 2505 Wide
915 2457 1186 2505 luculenter
1219 2457 1562 2521 interpretatus
1598 2466 1673 2504 est
1707 2455 1834 2504 hunc
1867 2455 1913 2504 in

348 2540 623 2600 modum1):
674 2541 796 2597 „wie
843 2540 1094 2604 Dionysos
1142 2556 1204 2587 an
1249 2540 1445 2604 einigen
1482 2538 1640 2587 Orten
1676 2537 1748 2586 als
1783 2537 1914 2588 Stier

350 2622 564 2686 gedaeht
583 2623 763 2681 wurde,
778 2640 835 2671 so
854 2623 1039 2671 konnte
1058 2640 1206 2671 mann
1225 2622 1328 2670 sich
1347 2622 1427 2670 ihn
1446 2622 1571 2670 auch
1590 2621 1663 2670 als
1676 2620 1912 2670 Bocklein

349 2705 630 2754 vorstellen.
679 2706 801 2754 Dies
847 2706 1009 2754 durfte
1055 2706 1126 2754 als
1177 2706 1254 2754 ein
1312 2704 1686 2754 Ueberbleibsel
1737 2704 1914 2753 therio-

350 2788 752 2852 morphistischer
762 2789 1165 2853 Anschauungen
1180 2806 1275 2837 von
1289 2789 1386 2836 den
1401 2788 1615 2836 Gottern
1628 2787 1914 2853 angesehen

421 2903 449 2954 1)
477 2903 516 2941 S.
557 2904 683 2951 Wide,
725 2902 975 2941 Lakonische
1016 2903 1135 2942 Culte
1176 2916 1214 2953 p.
1263 2903 1337 2940 168
1378 2915 1488 2952 seq.;
1530 2902 1582 2940 cf.
1610 2901 1777 2940 nomina
1803 2913 1916 2939 sacra

349 2967 476 3019 ἄρκτοι,
516 2968 635 3016 πῶλοι,
671 2973 803 3019 ταῦροι,
838 2969 997 3017 μέλισσαι
1029 2967 1176 3018 quibus
1205 2968 1371 3006 deorum
1401 2968 1572 3006 cultores
1600 2965 1915 3005 nominabantur

349 3032 455 3078 (vide
483 3034 608 3078 Wide‚
637 3046 676 3083 p.
708 3045 757 3083 79
787 3041 825 3071 et
858 3035 958 3083 179).
