2176 3450
1162 387 1224 434 70

411 517 682 571 συγκείμεθα
714 513 986 569 γευσαμένων
1010 515 1095 556 τῶν
1120 514 1290 572 σαρκῶν
1322 506 1492 557 τούτου.
1529 507 1798 573 Orphicum
1833 509 1977 575 igitur

411 592 475 641 de
521 602 680 640 morte
725 591 903 640 Bacchi
948 602 999 640 et
1041 590 1272 638 Titanum
1314 590 1562 654 suppliciis
1611 590 1795 656 dogma
1846 591 1976 640 hunc

410 675 714 739 potissimum
758 674 906 722 finem
945 683 1149 737 spectat,
1191 683 1245 721 ut
1285 690 1346 720 ex
1391 673 1568 721 Bacchi
1615 674 1769 722 caede
1814 691 1977 740 genus

411 757 662 806 hominum
697 767 859 806 ortum
894 773 1007 805 esse
1048 766 1287 820 appareat
1327 765 1379 804 et
1419 766 1502 814 „ut
1522 756 1556 819 1)
1596 756 1820 805 Bacchus
1860 773 1975 806 eum

411 840 459 888 in
505 840 706 888 modum
746 839 1027 897 trucidatus,
1070 838 1253 887 deinde
1295 856 1357 887 ex
1397 849 1557 887 morte
1597 839 1977 905 expergefactus

412 933 463 971 et
491 940 757 988 resurgens
785 922 1156 987 palingenesiae
1185 931 1236 970 et
1267 922 1645 970 immortalitatis
1679 939 1893 987 sponsor
1927 931 1978 971 et

411 1006 592 1055 vindex
628 1006 928 1054 certissimus
964 1005 1299 1054 informetur.”

477 1089 578 1137 lam
612 1089 860 1153 quaeritur
895 1089 1097 1137 hoccine
1132 1089 1319 1154 dogma
1354 1088 1625 1153 Orphicum
1660 1089 1888 1138 Petelinis
1927 1098 1978 1138 et

412 1171 733 1220 Cretensibus
778 1172 1055 1222 innotuerit.
1103 1171 1253 1233 Quod
1296 1172 1565 1220 admodum
1611 1171 1811 1220 dubium
1863 1189 1977 1222 esse

411 1254 528 1302 mihi
547 1255 756 1303 videtur.
777 1255 907 1303 Nihil
926 1255 1057 1303 enim
1077 1256 1141 1303 de
1155 1255 1415 1303 Titanibus
1428 1271 1702 1319 eorumque
1715 1253 1979 1319 κεραυνώσει
2034 1296 2041 1304 .

412 1337 461 1385 in
479 1337 670 1386 laminis
687 1338 878 1403 legitur,
897 1355 1195 1402 quamquam
1215 1338 1392 1386 mortui
1412 1339 1622 1387 eandem
1642 1354 1700 1386 ac
1717 1337 1978 1386 Titanibus

411 1421 615 1469 Creticis
649 1421 891 1486 originem
927 1422 1017 1470 sibi
1053 1438 1164 1470 esse
1197 1421 1393 1487 gloriati
1428 1431 1553 1470 sunt.

478 1504 666 1552 Versus
711 1515 875 1553 autem
923 1504 1128 1552 Creticis
1171 1504 1363 1552 laminis
1409 1505 1667 1569 inscriptus
1712 1505 1883 1553 mirum
1930 1504 1978 1552 in

411 1587 613 1635 modum
627 1598 866 1636 consonat
879 1605 991 1636 cum
1003 1587 1268 1651 Euripidea
1280 1588 1524 1636 sententia
1533 1590 1568 1652 ⁹)
1586 1587 1752 1643 κοινούς
1775 1585 1979 1638 ἁπάντων

413 1701 458 1707 -
494 1678 633 1731 γονεῖς
663 1670 846 1732 ου’ρανόν
877 1675 949 1718 καὶ
980 1675 1056 1733 γῆν
1084 1687 1216 1729 esse3
1246 1670 1383 1735 quod
1410 1670 1739 1735 fragmentum
1774 1687 1836 1719 ex
1870 1670 1979 1734 ipsa

399 1753 723 1821 ⁴Cretensium
746 1753 911 1802 fabula
930 1769 1043 1802 esse
1060 1754 1253 1801 videtur
1267 1754 1317 1817 ³).
1336 1753 1595 1817 Euripides
1612 1753 1758 1818 igitur
1778 1752 1978 1802 Creten-

412 1853 494 1884 ses
529 1837 740 1884 eandem
776 1838 1067 1885 sententiam
1102 1836 1359 1900 professos
1395 1836 1509 1885 fecit
1536 1853 1683 1901 quam
1713 1837 1760 1884 in
1789 1836 1978 1885 laminis

414 1918 619 1967 Creticis
643 1930 693 1967 et
718 1919 937 1968 Petelina
961 1920 1182 1985 legimus.
1219 1919 1385 1981 Quem
1410 1930 1575 1968 autem
1593 1919 1754 1968 locum
1771 1919 1978 1968 Titanes

413 2001 591 2050 Cretici
626 2003 740 2050 olim
776 2002 1078 2051 incoluerunt
1111 2013 1287 2066 postea
1322 2020 1521 2066 quoque
1549 2007 1830 2066 κυπαρίσσων
1854 2003 1980 2050 ἄλσει

413 2085 693 2133 distinctum
736 2086 884 2134 fuisse
925 2086 1175 2134 Diodorus
1210 2096 1389 2134 narrat.
1427 2086 1572 2148 Quae
1607 2086 1755 2134 arbor
1789 2095 1978 2150 quanto

412 2168 458 2215 in
499 2169 688 2217 honore
723 2169 858 2233 apud
894 2169 1160 2217 Cretenses
1195 2170 1542 2233 Petelinosque
1576 2186 1675 2217 non
1711 2180 1824 2217 tunc
1857 2178 1978 2217 tem-

411 2251 549 2315 poris
584 2251 740 2299 solum
778 2253 867 2300 sed
902 2252 1050 2300 etiam
1079 2253 1342 2317 antiquitus
1373 2252 1515 2300 fuerit
1538 2252 1617 2299 vel
1636 2252 1751 2300 inde
1769 2261 1979 2316 apparet

412 2334 548 2398 quod
594 2334 876 2393 Cretenses,
912 2352 1119 2399 quorum
1155 2336 1201 2382 in
1236 2335 1471 2399 sepulcris
1505 2335 1715 2383 laminae
1749 2335 1978 2383 inventae

412 2427 537 2474 sunt,
573 2434 859 2481 cypressum
894 2419 1098 2482 perenni
1133 2419 1494 2482 Mnemosynae
1530 2417 1651 2466 fonti
1686 2417 1976 2481 appositam,

411 2500 615 2548 Petelini
658 2501 819 2549 albam
867 2518 1152 2565 cypressum
1199 2518 1356 2565 prope
1403 2501 1592 2549 Lethae
1639 2500 1785 2548 fontis
1820 2500 1979 2564 ripam

412 2583 701 2632 collocatam
737 2601 847 2633 esse
882 2585 1210 2633 crediderunt.
1239 2584 1290 2631 In
1316 2584 1559 2648 Euripidis
1586 2594 1754 2632 autem
1778 2583 1977 2632 Creten-

482 2703 512 2755 1)
539 2705 754 2752 Luebbert‚
782 2705 833 2742 1.1.
862 2717 902 2755 p.
929 2705 998 2743 111.

481 2769 512 2819 2)
541 2770 684 2820 Porph.
726 2769 778 2808 de
818 2768 1074 2809 Abstinentia
1102 2771 1170 2818 III,
1202 2782 1221 2808 2
1227 2780 1248 2821 5
1262 2783 1273 2818 3
1305 2769 1356 2807 cf.
1384 2769 1478 2808 Eur.
1521 2768 1568 2808 fr.
1595 2769 1674 2816 484
1715 2766 1978 2820 (Melanippe)

413 2841 453 2874 et
482 2835 526 2874 fr.
561 2848 683 2883 1004:
714 2836 835 2886 Αἰθέρα
861 2836 917 2871 καὶ
944 2839 1048 2870 Γαῖαν
1074 2837 1210 2871 πάντων
1241 2835 1424 2885 γενέτειραν
1455 2832 1558 2870 ἀείδω
1596 2833 1800 2881 (Wssnsch‚
1831 2830 1977 2870 Rhein.

412 2901 520 2939 Mus.
549 2913 613 2950 49,
642 2913 678 2939 a.
711 2901 825 2950 1894,
854 2913 892 2950 p.
923 2901 1000 2950 96).

480 2965 509 3011 3)
536 2965 598 3004 Cf.
615 2965 885 3014 Wilamowitz,
912 2965 1002 3005 Ind.
1030 2966 1120 3004 lect.
1149 2965 1259 3004 Gott.
1297 2971 1395 3003 aest.
1428 2964 1527 3014 1893
1557 2976 1596 3014 p.
1617 2973 1661 3011 17
1693 2969 1732 3001 et
1760 2960 1976 3010 Dieterich,

411 3029 569 3080 Nekyia
596 3043 638 3081 p.
671 3030 857 3082 100s101.
