2176 3450
1079 329 1171 362 120

339 451 604 516 explanare
651 451 811 500 conati
852 451 961 507 sint,
996 450 1242 498 variorum
1276 449 1598 514 interpretum
1632 451 1902 501 sententias

338 534 636 599 perlustrare
686 534 923 582 volumus.
975 533 1136 581 Primo
1189 532 1380 597 agimus
1432 532 1497 581 de
1548 533 1621 582 eis
1666 533 1748 598 qui
1790 532 1904 594 γάλα

340 634 432 681 pro
476 619 661 677 γαλαξία
676 620 710 676 ³)
757 616 972 680 positum
1018 632 1131 664 esse
1177 615 1456 679 opinantur,
1501 615 1682 664 deinde
1727 616 1792 666 de
1832 617 1904 667 eis

340 700 421 764 qui
456 699 752 748 locutionem
787 697 902 753 ἐς...
928 700 1081 746 ἕπετον
1113 698 1179 746 ad
1212 697 1403 746 literam
1427 698 1761 762 accipiendam
1790 716 1903 750 esse

338 793 619 846 posuerunt,
665 792 767 829 tum
813 782 877 830 de
922 781 979 829 iis
1025 781 1106 845 qui
1153 780 1298 829 aliam
1349 780 1450 828 vim
1499 791 1551 830 et
1601 791 1902 846 potestatem

339 865 447 913 huic
464 865 692 913 locutioni
710 865 916 912 subesse
934 865 1271 923 coniecerunt3
1289 874 1543 927 postremo
1562 875 1726 914 autem
1740 882 1904 916 meam

337 947 630 996 sententiam
665 947 927 1011 proferam.

337 1083 398 1131 A.
444 1084 521 1131 De
562 1100 729 1131 eorum
771 1083 1001 1131 sententia
1044 1084 1135 1147 qui
1173 1080 1285 1143 γάλα
1318 1090 1420 1148 pro
1464 1088 1650 1144 γαλαξία
1685 1085 1904 1150 positum

450 1183 545 1214 esse
576 1167 856 1230 opinantur.

404 1260 652 1309 Dieterich
704 1261 751 1309 in
803 1272 1021 1310 mentem
1073 1262 1215 1310 nobis
1265 1273 1468 1311 revocat
1520 1263 1641 1322 „lac,
1691 1263 1902 1328 primum

336 1354 485 1408 atque
535 1344 773 1408 optimum
825 1344 1074 1392 hominum
1132 1346 1511 1394 nutrimentum”
1564 1346 1754 1396 donare
1804 1346 1904 1396 suis

336 1427 577 1475 Bacchum
595 1428 627 1491 ¹)
673 1437 725 1475 et
769 1427 920 1475 choro
967 1428 1206 1477 Bacchico
1250 1428 1679 1494 appropinquante
1718 1430 1903 1495 ubique

335 1544 372 1569 a.
404 1541 517 1581 1907,
547 1529 670 1576 Diels,
697 1529 922 1579 Philotesia,
950 1544 990 1581 p.
1019 1543 1085 1579 44.

335 1609 371 1636 a.
403 1609 517 1646 1910,
545 1596 595 1633 R.
623 1596 788 1644 Pichon,
817 1597 958 1634 Revue
986 1596 1025 1635 d.
1050 1597 1114 1635 Et.
1143 1596 1227 1644 Gr„
1256 1610 1297 1647 p.
1328 1598 1500 1647 57—61.

546 1660 808 1711 Comparetti,
838 1662 950 1703 Lam.
980 1661 1080 1710 Orf„
1107 1675 1147 1712 p.
1178 1661 1232 1712 9⁹.

547 1725 741 1778 <Olivierii
775 1726 874 1765 liber
908 1727 1104 1775 „Cultura
1139 1727 1209 1766 Gr.
1246 1727 1288 1766 in
1324 1729 1383 1767 Μ.
1411 1727 1482 1767 Gr.
1512 1740 1534 1767 e
1561 1727 1663 1768 Sic.”
1691 1726 1790 1768 mihi
1816 1741 1902 1768 non

547 1804 643 1842 prae
678 1791 863 1830 manibus
899 1791 994 1841 fuit3
1031 1791 1116 1831 eius
1149 1791 1524 1844 interpretationem
1551 1793 1630 1845 legi
1657 1792 1700 1832 in
1728 1793 1905 1846 Compa-

548 1856 655 1895 rettii
682 1856 782 1896 libro
810 1858 896 1906 1.1.)

335 1934 371 1961 a.
405 1933 519 1971 1912,
548 1922 691 1971 Alline‚
721 1922 866 1971 Xenia,
894 1936 935 1974 p.
968 1934 1192 1972 ποι-[07.

336 2000 372 2026 a.
405 2000 519 2038 1913,
548 1988 722 2037 Delatte,
751 1989 894 2027 Musee
922 1989 1056 2039 Belge,
1085 2002 1124 2039 p.
1157 2000 1382 2040 129—135.

388 2053 452 2092 Cf.
494 2053 650 2102 Rohde,
692 2054 857 2104 Psyche,
899 2055 949 2102 ΙΙ,
990 2067 1029 2104 p.
1075 2054 1171 2100 2203
1224 2077 1268 2083 -
1312 2055 1498 2103 Foucart,
1539 2055 1795 2095 Recherches
1835 2067 1905 2095 sur

334 2117 514 2168 l'origine
532 2146 566 2158 ..
582 2149 591 2157 .
609 2149 618 2168 ‚
647 2132 686 2169 p.
707 2129 756 2167 70
775 2142 828 2148 ——
848 2118 1064 2168 Dieterich,
1084 2118 1310 2159 Mithraslit.
1331 2133 1372 2171 p.
1396 2120 1491 2170 1991
1505 2126 1546 2159 et
1562 2133 1639 2168 214
1659 2142 1700 2149 -—
1721 2120 1904 2172 Gmppe,

334 2182 377 2221 in
404 2182 597 2222 Roscheri
625 2183 751 2223 lexico
773 2197 842 2223 ΞΝ.
863 2183 1062 2234 Orpheus,
1081 2198 1121 2236 p.
1145 2197 1247 2233 1124
1255 2199 1266 2235 ;
1295 2185 1456 2225 Grieeh.
1477 2186 1648 2237 Mythol.
1666 2199 1708 2237 p.
1731 2187 1906 2226 1028—-

336 2249 485 2297 Maass,
516 2248 715 2299 Orpheus,
737 2262 764 2299 p
803 2249 926 2299 19539.
959 2272 1002 2278 —
1035 2250 1260 2298 Vurtheim,
1280 2250 1343 2289 De
1358 2244 1562 2301 Euripidis
1581 2250 1762 2300 Bacchis,
1779 2263 1819 2303 p.
1838 2263 1904 2302 9²·

334 2314 525 2354 Ceterum
566 2314 618 2353 cf.
659 2315 827 2363 Usener,
871 2314 996 2353 Milch
1038 2316 1123 2354 und
1166 2315 1316 2367 Honig,
1358 2316 1505 2356 Rhein.
1548 2318 1751 2366 Museum,
1789 2329 1904 2367 1902,

334 2392 375 2430 p.
408 2389 612 2429 177-195
642 2393 697 2416 =
723 2379 871 2418 Kleine
897 2379 1108 2430 Schriften,
1139 2382 1210 2430 IV,
1239 2394 1280 2431 p.
1309 2383 1519 2433 398—-417
1551 2389 1591 2422 et
1621 2382 1671 2421 A.
1698 2381 1903 2432 Jeremias·

335 2445 453 2483 Holle
482 2444 567 2483 und
594 2444 780 2483 Paradies
808 2444 873 2483 bei
901 2445 981 2484 den
1012 2446 1291 2496 Babyloniern,
1321 2460 1362 2497 p.
1391 2458 1455 2495 72.

400 2509 432 2558 ⁸)
461 2509 718 2548 Parmenides
769 2510 907 2548 orbern
955 2511 1129 2549 lacteum
1178 2511 1392 2562 appellavit
1441 2513 1533 2562 γάλα
1574 2514 1748 2564 οὺράνιονς
1789 2506 1902 2552 Stob.

333 2574 471 2624 Eclog.
512 2587 546 2613 c.
586 2586 632 2623 27
688 2575 779 2625 γάλα
813 2589 867 2612 =
891 2575 1060 2625 γαλαξίας
1094 2577 1212 2618 κύκλος
1248 2577 1316 2625 (cf.
1354 2577 1475 2626 Diels,
1504 2578 1725 2628 Doxografi
1755 2575 1902 2617 Graeci

334 2652 373 2690 p.
403 2640 481 2690 364
489 2653 501 2689 ς
529 2639 693 2680 Aristot.
721 2641 892 2679 Meteor.
920 2641 950 2689 I,
979 2641 1016 2689 8,
1045 2654 1084 2692 p.
1113 2643 1191 2691 346
1220 2642 1300 2681 huc
1328 2654 1411 2681 non
1440 2642 1645 2693 pertinet.)

403 2705 429 2751 l)
459 2706 508 2743 D.
538 2704 677 2744 recitat
704 2704 904 2756 Euripidis
932 2719 1081 2755 versus,
1109 2707 1257 2746 Bacch.
1289 2720 1360 2755 141
1392 2720 1505 2758 seq.:

842 2770 859 2807 ὃ
886 2770 919 2807 δ’
947 2769 1095 2823 ἔξαρχος
1122 2772 1265 2823 Βρόμιος
1291 2774 1373 2821 εὐοῖ,

839 2836 888 2887 ῥεῖ
914 2835 953 2873 δὲ
979 2837 1124 2886 γάλακτι
1150 2836 1266 2876 πέδον.
1296 2838 1361 2886 (cf.
1389 2850 1426 2875 v,
1458 2837 1550 2887 706)

334 2910 375 2942 et
400 2904 498 2944 Plat.
527 2906 614 2944 Ion.
642 2919 682 2956 p.
713 2907 855 2956 534A:
883 2908 920 2943 αἱ
947 2908 1079 2958 βάκχαι
1105 2909 1287 2960 ἀρύτονται
1314 2909 1428 2946 ἐκτῶν
1445 2914 1609 2959 ποταμῶν
1629 2909 1706 2959 μέλι
1727 2909 1903 2959 καὶγὰὶα.

339 2969 403 3017 (cf.
431 2969 599 3009 Phaedr.
624 2983 666 3021 p.
697 2982 771 3022 253
802 2978 842 3010 et
871 2973 972 3011 Hor.
1002 2985 1125 3012 carm.
1152 2973 1204 3023 11,
1236 2986 1297 3024 19,
1326 2972 1380 3026 9.)
