<?xml version="1.0" encoding="UTF-8"?>
<!DOCTYPE html PUBLIC "-//W3C//DTD XHTML 1.0 Transitional//EN"
    "http://www.w3.org/TR/xhtml1/DTD/xhtml1-transitional.dtd">
<html xmlns="http://www.w3.org/1999/xhtml" xml:lang="en" lang="en">
 <head>
  <title>
</title>
<meta http-equiv="Content-Type" content="text/html;charset=utf-8" />
  <meta name='ocr-system' content='tesseract 3.04.00' />
  <meta name='ocr-capabilities' content='ocr_page ocr_carea ocr_par ocr_line ocrx_word'/>
</head>
<body>
  <div class='ocr_page' id='page_1' title='image "./detribuslaminisa00wietuoft_0135.png"; bbox 0 0 2176 3450; ppageno 0'>
   <div class='ocr_carea' id='block_1_1' title="bbox 0 0 142 3450">
    <p class='ocr_par' dir='ltr' id='par_1_1' title="bbox 0 0 142 3450">
     <span class='ocr_line' id='line_1_1' title="bbox 0 0 142 3450; baseline 0 0"><span class='ocrx_word' id='word_1_1' title='bbox 0 0 142 3450; x_wconf 95' lang='lat' dir='ltr'> </span> 
     </span>
    </p>
   </div>
   <div class='ocr_carea' id='block_1_2' title="bbox 998 363 1087 412">
    <p class='ocr_par' dir='ltr' id='par_1_2' title="bbox 998 363 1087 412">
     <span class='ocr_line' id='line_1_2' title="bbox 998 363 1087 412; baseline 0 -14"><span class='ocrx_word' id='word_1_2' title='bbox 998 363 1087 412; x_wconf 87' lang='lat'>125</span> 
     </span>
    </p>
   </div>
   <div class='ocr_carea' id='block_1_3' title="bbox 259 484 1831 870">
    <p class='ocr_par' dir='ltr' id='par_1_3' title="bbox 259 484 1831 870">
     <span class='ocr_line' id='line_1_3' title="bbox 259 484 1829 552; baseline -0.001 -16"><span class='ocrx_word' id='word_1_3' title='bbox 259 487 717 552; x_wconf 83' lang='lat' dir='ltr'>interpretationem</span> <span class='ocrx_word' id='word_1_4' title='bbox 729 486 913 546; x_wconf 83' lang='lat' dir='ltr'>reiecit;</span> <span class='ocrx_word' id='word_1_5' title='bbox 926 485 1003 535; x_wconf 92' lang='lat' dir='ltr'>cui</span> <span class='ocrx_word' id='word_1_6' title='bbox 1015 485 1228 535; x_wconf 88' lang='lat' dir='ltr'>libenter</span> <span class='ocrx_word' id='word_1_7' title='bbox 1237 484 1492 534; x_wconf 89' lang='lat' dir='ltr'>assentior.</span> <span class='ocrx_word' id='word_1_8' title='bbox 1506 485 1829 534; x_wconf 89' lang='lat' dir='ltr'>Reinachium</span> 
     </span>
     <span class='ocr_line' id='line_1_4' title="bbox 259 566 1828 634; baseline -0.001 -14"><span class='ocrx_word' id='word_1_9' title='bbox 259 571 388 620; x_wconf 88' lang='lat' dir='ltr'>enim</span> <span class='ocrx_word' id='word_1_10' title='bbox 423 579 622 620; x_wconf 89' lang='lat' dir='ltr'>secutus</span> <span class='ocrx_word' id='word_1_11' title='bbox 648 570 826 634; x_wconf 85' lang='lat' dir='ltr'>opinor</span> <span class='ocrx_word' id='word_1_12' title='bbox 856 566 984 630; x_wconf 75' lang='grc' dir='ltr'><strong><em>γάλα,</em></strong></span> <span class='ocrx_word' id='word_1_13' title='bbox 1018 568 1197 618; x_wconf 89' lang='lat' dir='ltr'>Bacchi</span> <span class='ocrx_word' id='word_1_14' title='bbox 1230 568 1416 616; x_wconf 89' lang='lat' dir='ltr'>donum</span> <span class='ocrx_word' id='word_1_15' title='bbox 1450 568 1828 632; x_wconf 85' lang='lat' dir='ltr'>optatissimum,</span> 
     </span>
     <span class='ocr_line' id='line_1_5' title="bbox 261 652 1828 717; baseline -0.001 -13"><span class='ocrx_word' id='word_1_16' title='bbox 261 669 293 704; x_wconf 89' lang='lat' dir='ltr'>a</span> <span class='ocrx_word' id='word_1_17' title='bbox 345 656 547 715; x_wconf 77' lang='grc' dir='ltr'><strong><em>γαλαξίᾳ,</em></strong></span> <span class='ocrx_word' id='word_1_18' title='bbox 603 662 657 702; x_wconf 89' lang='lat' dir='ltr'>et</span> <span class='ocrx_word' id='word_1_19' title='bbox 711 652 920 717; x_wconf 88' lang='lat' dir='ltr'>Dionysi</span> <span class='ocrx_word' id='word_1_20' title='bbox 976 652 1182 717; x_wconf 90' lang='lat' dir='ltr'>eiusque</span> <span class='ocrx_word' id='word_1_21' title='bbox 1226 660 1419 716; x_wconf 88' lang='lat' dir='ltr'>mystae</span> <span class='ocrx_word' id='word_1_22' title='bbox 1470 668 1653 701; x_wconf 91' lang='lat' dir='ltr'>nomen</span> <span class='ocrx_word' id='word_1_23' title='bbox 1705 669 1752 717; x_wconf 92' lang='lat' dir='ltr'>q.</span> <span class='ocrx_word' id='word_1_24' title='bbox 1784 671 1828 703; x_wconf 91' lang='lat' dir='ltr'>e.</span> 
     </span>
     <span class='ocr_line' id='line_1_6' title="bbox 266 734 1831 802; baseline 0 -17"><span class='ocrx_word' id='word_1_25' title='bbox 266 737 456 800; x_wconf 81' lang='grc' dir='ltr'><strong><em>Ἔριφος</em></strong></span> <span class='ocrx_word' id='word_1_26' title='bbox 487 752 518 785; x_wconf 94' lang='lat' dir='ltr'>a</span> <span class='ocrx_word' id='word_1_27' title='bbox 550 736 791 785; x_wconf 89' lang='lat' dir='ltr'>sideribus</span> <span class='ocrx_word' id='word_1_28' title='bbox 824 751 954 801; x_wconf 91' lang='lat' dir='ltr'>quae</span> <span class='ocrx_word' id='word_1_29' title='bbox 973 735 1153 799; x_wconf 79' lang='grc' dir='ltr'><strong><em>Ἕριφοι</em></strong></span> <span class='ocrx_word' id='word_1_30' title='bbox 1185 734 1413 783; x_wconf 89' lang='lat' dir='ltr'>dicuntur</span> <span class='ocrx_word' id='word_1_31' title='bbox 1429 734 1831 802; x_wconf 86' lang='lat' dir='ltr'>distinguendum</span> 
     </span>
     <span class='ocr_line' id='line_1_7' title="bbox 261 837 391 870; baseline -0.008 0"><span class='ocrx_word' id='word_1_32' title='bbox 261 837 391 870; x_wconf 63' lang='lat' dir='ltr'>esse.</span> 
     </span>
    </p>
   </div>
   <div class='ocr_carea' id='block_1_4' title="bbox 293 1043 1806 1192">
    <p class='ocr_par' dir='ltr' id='par_1_4' title="bbox 293 1043 1806 1192">
     <span class='ocr_line' id='line_1_8' title="bbox 293 1043 1806 1109; baseline 0 -14"><span class='ocrx_word' id='word_1_33' title='bbox 293 1045 347 1094; x_wconf 90' lang='grc' dir='ltr'>Β.</span> <span class='ocrx_word' id='word_1_34' title='bbox 382 1044 462 1094; x_wconf 80' lang='lat' dir='ltr'>De</span> <span class='ocrx_word' id='word_1_35' title='bbox 491 1062 660 1095; x_wconf 81' lang='lat' dir='ltr'>eorum</span> <span class='ocrx_word' id='word_1_36' title='bbox 691 1045 926 1094; x_wconf 80' lang='lat' dir='ltr'>sententia</span> <span class='ocrx_word' id='word_1_37' title='bbox 957 1043 1050 1109; x_wconf 81' lang='lat' dir='ltr'>qui</span> <span class='ocrx_word' id='word_1_38' title='bbox 1078 1044 1358 1093; x_wconf 77' lang='lat' dir='ltr'>locutionem</span> <span class='ocrx_word' id='word_1_39' title='bbox 1388 1048 1456 1099; x_wconf 78' lang='grc' dir='ltr'>ἐς.</span> <span class='ocrx_word' id='word_1_40' title='bbox 1470 1078 1479 1088; x_wconf 95' lang='grc'><strong>.</strong></span> <span class='ocrx_word' id='word_1_41' title='bbox 1494 1078 1504 1089; x_wconf 95' lang='grc'><strong>.</strong></span> <span class='ocrx_word' id='word_1_42' title='bbox 1530 1048 1707 1093; x_wconf 80' lang='grc' dir='ltr'><strong><em>πίπτειν</em></strong></span> <span class='ocrx_word' id='word_1_43' title='bbox 1735 1047 1806 1095; x_wconf 90' lang='lat' dir='ltr'>ad</span> 
     </span>
     <span class='ocr_line' id='line_1_9' title="bbox 558 1127 1545 1192; baseline -0.001 -15"><span class='ocrx_word' id='word_1_44' title='bbox 558 1129 753 1178; x_wconf 81' lang='lat' dir='ltr'>literam</span> <span class='ocrx_word' id='word_1_45' title='bbox 784 1127 1105 1192; x_wconf 80' lang='lat' dir='ltr'>accipiendam</span> <span class='ocrx_word' id='word_1_46' title='bbox 1136 1144 1232 1176; x_wconf 74' lang='lat' dir='ltr'>esse</span> <span class='ocrx_word' id='word_1_47' title='bbox 1255 1133 1545 1191; x_wconf 82' lang='lat' dir='ltr'>posuerunt.</span> 
     </span>
    </p>
   </div>
   <div class='ocr_carea' id='block_1_5' title="bbox 260 1264 1838 2747">
    <p class='ocr_par' dir='ltr' id='par_1_5' title="bbox 260 1264 1835 1579">
     <span class='ocr_line' id='line_1_10' title="bbox 325 1264 1835 1330; baseline 0 -14"><span class='ocrx_word' id='word_1_48' title='bbox 325 1266 547 1316; x_wconf 91' lang='lat' dir='ltr'>Reinach</span> <span class='ocrx_word' id='word_1_49' title='bbox 580 1275 716 1314; x_wconf 89' lang='lat' dir='ltr'>recte</span> <span class='ocrx_word' id='word_1_50' title='bbox 751 1282 843 1313; x_wconf 89' lang='lat' dir='ltr'>nos</span> <span class='ocrx_word' id='word_1_51' title='bbox 877 1264 1116 1313; x_wconf 90' lang='lat' dir='ltr'>admonet</span> <span class='ocrx_word' id='word_1_52' title='bbox 1148 1264 1312 1312; x_wconf 89' lang='lat' dir='ltr'>varias</span> <span class='ocrx_word' id='word_1_53' title='bbox 1346 1265 1701 1330; x_wconf 90' lang='lat' dir='ltr'>interpretandi</span> <span class='ocrx_word' id='word_1_54' title='bbox 1729 1267 1835 1317; x_wconf 89' lang='lat' dir='ltr'>vias</span> 
     </span>
     <span class='ocr_line' id='line_1_11' title="bbox 262 1347 1834 1416; baseline -0.001 -17"><span class='ocrx_word' id='word_1_55' title='bbox 262 1360 453 1416; x_wconf 91' lang='lat' dir='ltr'>patere,</span> <span class='ocrx_word' id='word_1_56' title='bbox 488 1357 636 1414; x_wconf 88' lang='lat' dir='ltr'>prout</span> <span class='ocrx_word' id='word_1_57' title='bbox 668 1347 850 1397; x_wconf 89' lang='lat' dir='ltr'>locutio</span> <span class='ocrx_word' id='word_1_58' title='bbox 885 1348 1003 1403; x_wconf 81' lang='grc' dir='ltr'><strong><em>ἐς...</em></strong></span> <span class='ocrx_word' id='word_1_59' title='bbox 1029 1350 1205 1395; x_wconf 79' lang='grc' dir='ltr'><strong><em>πίπτειν</em></strong></span> <span class='ocrx_word' id='word_1_60' title='bbox 1239 1347 1518 1411; x_wconf 86' lang='lat' dir='ltr'>accipiatur.</span> <span class='ocrx_word' id='word_1_61' title='bbox 1555 1347 1706 1398; x_wconf 91' lang='lat' dir='ltr'>Cuius</span> <span class='ocrx_word' id='word_1_62' title='bbox 1740 1349 1834 1399; x_wconf 92' lang='lat' dir='ltr'>dis·</span> 
     </span>
     <span class='ocr_line' id='line_1_12' title="bbox 260 1429 1835 1499; baseline -0.001 -16"><span class='ocrx_word' id='word_1_63' title='bbox 260 1433 567 1499; x_wconf 89' lang='lat' dir='ltr'>putationem</span> <span class='ocrx_word' id='word_1_64' title='bbox 614 1441 936 1480; x_wconf 89' lang='lat' dir='ltr'>recensentes</span> <span class='ocrx_word' id='word_1_65' title='bbox 986 1447 1115 1479; x_wconf 90' lang='lat' dir='ltr'>nunc</span> <span class='ocrx_word' id='word_1_66' title='bbox 1162 1429 1364 1479; x_wconf 88' lang='lat' dir='ltr'>facimus</span> <span class='ocrx_word' id='word_1_67' title='bbox 1409 1431 1615 1480; x_wconf 89' lang='lat' dir='ltr'>verbum</span> <span class='ocrx_word' id='word_1_68' title='bbox 1658 1436 1835 1482; x_wconf 78' lang='grc' dir='ltr'><strong><em>πίπτειν</em></strong></span> 
     </span>
     <span class='ocr_line' id='line_1_13' title="bbox 262 1514 1088 1579; baseline -0.005 -13"><span class='ocrx_word' id='word_1_69' title='bbox 262 1517 328 1566; x_wconf 92' lang='lat' dir='ltr'>ad</span> <span class='ocrx_word' id='word_1_70' title='bbox 360 1516 552 1565; x_wconf 85' lang='lat' dir='ltr'>literam</span> <span class='ocrx_word' id='word_1_71' title='bbox 586 1514 924 1579; x_wconf 91' lang='lat' dir='ltr'>accipiendum</span> <span class='ocrx_word' id='word_1_72' title='bbox 961 1530 1088 1563; x_wconf 91' lang='lat' dir='ltr'>esse.</span> 
     </span>
    </p>

    <p class='ocr_par' dir='ltr' id='par_1_6' title="bbox 263 1596 1836 2149">
     <span class='ocr_line' id='line_1_14' title="bbox 327 1596 1835 1664; baseline -0.001 -16"><span class='ocrx_word' id='word_1_73' title='bbox 327 1599 558 1664; x_wconf 90' lang='lat' dir='ltr'>Sequitur</span> <span class='ocrx_word' id='word_1_74' title='bbox 591 1608 644 1646; x_wconf 91' lang='lat' dir='ltr'>ut</span> <span class='ocrx_word' id='word_1_75' title='bbox 675 1597 815 1647; x_wconf 89' lang='lat' dir='ltr'>lactis</span> <span class='ocrx_word' id='word_1_76' title='bbox 858 1596 1106 1662; x_wconf 89' lang='lat' dir='ltr'>baptisma</span> <span class='ocrx_word' id='word_1_77' title='bbox 1151 1608 1456 1662; x_wconf 87' lang='lat' dir='ltr'>postremum</span> <span class='ocrx_word' id='word_1_78' title='bbox 1493 1602 1578 1646; x_wconf 77' lang='grc' dir='ltr'>τῶν</span> <span class='ocrx_word' id='word_1_79' title='bbox 1602 1602 1835 1661; x_wconf 76' lang='grc' dir='ltr'><em>δρωμένων</em></span> 
     </span>
     <span class='ocr_line' id='line_1_15' title="bbox 263 1680 1836 1748; baseline -0.002 -15"><span class='ocrx_word' id='word_1_80' title='bbox 263 1682 421 1741; x_wconf 88' lang='lat' dir='ltr'>fuerit,</span> <span class='ocrx_word' id='word_1_81' title='bbox 481 1698 694 1747; x_wconf 90' lang='lat' dir='ltr'>quocum</span> <span class='ocrx_word' id='word_1_82' title='bbox 743 1689 1013 1745; x_wconf 87' lang='lat' dir='ltr'>mystarum</span> <span class='ocrx_word' id='word_1_83' title='bbox 1058 1680 1421 1730; x_wconf 88' lang='lat' dir='ltr'>Eleusiniorum</span> <span class='ocrx_word' id='word_1_84' title='bbox 1468 1682 1606 1729; x_wconf 79' lang='grc' dir='ltr'><strong><em>ἅλαδε</em></strong></span> <span class='ocrx_word' id='word_1_85' title='bbox 1630 1681 1781 1737; x_wconf 76' lang='grc' dir='ltr'><strong><em>ἔλασις</em></strong></span> <span class='ocrx_word' id='word_1_86' title='bbox 1801 1685 1836 1748; x_wconf 89' lang='grc'>1)</span> 
     </span>
     <span class='ocr_line' id='line_1_16' title="bbox 263 1761 1835 1828; baseline -0.001 -12"><span class='ocrx_word' id='word_1_87' title='bbox 263 1775 317 1816; x_wconf 90' lang='lat' dir='ltr'>et</span> <span class='ocrx_word' id='word_1_88' title='bbox 336 1775 504 1815; x_wconf 90' lang='lat' dir='ltr'>sectae</span> <span class='ocrx_word' id='word_1_89' title='bbox 522 1764 768 1813; x_wconf 89' lang='lat' dir='ltr'>Thraciae</span> <span class='ocrx_word' id='word_1_90' title='bbox 791 1780 833 1812; x_wconf 90' lang='lat' dir='ltr'>c.</span> <span class='ocrx_word' id='word_1_91' title='bbox 854 1781 900 1812; x_wconf 91' lang='lat' dir='ltr'>n.</span> <span class='ocrx_word' id='word_1_92' title='bbox 929 1761 1107 1812; x_wconf 81' lang='grc' dir='ltr'><strong><em>Βάπται</em></strong></span> <span class='ocrx_word' id='word_1_93' title='bbox 1129 1780 1271 1813; x_wconf 89' lang='lat' dir='ltr'>sacra</span> <span class='ocrx_word' id='word_1_94' title='bbox 1289 1763 1421 1812; x_wconf 92' lang='lat' dir='ltr'>haud</span> <span class='ocrx_word' id='word_1_95' title='bbox 1439 1764 1605 1828; x_wconf 90' lang='lat' dir='ltr'>inepte</span> <span class='ocrx_word' id='word_1_96' title='bbox 1623 1765 1835 1815; x_wconf 85' lang='lat' dir='ltr'>conferri</span> 
     </span>
     <span class='ocr_line' id='line_1_17' title="bbox 263 1845 1836 1915; baseline -0.001 -16"><span class='ocrx_word' id='word_1_97' title='bbox 263 1849 467 1915; x_wconf 87' lang='lat' dir='ltr'>possint.</span> <span class='ocrx_word' id='word_1_98' title='bbox 514 1847 656 1911; x_wconf 80' lang='lat' dir='ltr'>Quos</span> <span class='ocrx_word' id='word_1_99' title='bbox 700 1846 868 1912; x_wconf 87' lang='lat' dir='ltr'>Cotyti</span> <span class='ocrx_word' id='word_1_100' title='bbox 914 1845 1130 1896; x_wconf 89' lang='lat' dir='ltr'>cultores</span> <span class='ocrx_word' id='word_1_101' title='bbox 1173 1845 1379 1911; x_wconf 88' lang='lat' dir='ltr'>Eupolis</span> <span class='ocrx_word' id='word_1_102' title='bbox 1424 1856 1577 1912; x_wconf 89' lang='lat' dir='ltr'>poeta</span> <span class='ocrx_word' id='word_1_103' title='bbox 1625 1847 1836 1898; x_wconf 88' lang='lat' dir='ltr'>ludibrio</span> 
     </span>
     <span class='ocr_line' id='line_1_18' title="bbox 265 1929 1834 1995; baseline -0.001 -12"><span class='ocrx_word' id='word_1_104' title='bbox 265 1932 499 1983; x_wconf 90' lang='lat' dir='ltr'>habuisse</span> <span class='ocrx_word' id='word_1_105' title='bbox 531 1931 704 1980; x_wconf 89' lang='lat' dir='ltr'>dicitur</span> <span class='ocrx_word' id='word_1_106' title='bbox 736 1930 783 1979; x_wconf 94' lang='lat' dir='ltr'>in</span> <span class='ocrx_word' id='word_1_107' title='bbox 814 1929 1073 1979; x_wconf 87' lang='lat' dir='ltr'>comoedia</span> <span class='ocrx_word' id='word_1_108' title='bbox 1105 1930 1170 1978; x_wconf 94' lang='lat' dir='ltr'>ab</span> <span class='ocrx_word' id='word_1_109' title='bbox 1197 1929 1314 1995; x_wconf 88' lang='lat' dir='ltr'>ipsis</span> <span class='ocrx_word' id='word_1_110' title='bbox 1343 1930 1545 1988; x_wconf 77' lang='grc' dir='ltr'><strong><em>Βάπταις</em></strong></span> <span class='ocrx_word' id='word_1_111' title='bbox 1569 1931 1834 1991; x_wconf 89' lang='lat' dir='ltr'>nominata,</span> 
     </span>
     <span class='ocr_line' id='line_1_19' title="bbox 266 2013 1836 2081; baseline -0.001 -16"><span class='ocrx_word' id='word_1_112' title='bbox 266 2017 365 2076; x_wconf 95' lang='lat' dir='ltr'>„ob</span> <span class='ocrx_word' id='word_1_113' title='bbox 398 2031 548 2081; x_wconf 90' lang='lat' dir='ltr'>quam</span> <span class='ocrx_word' id='word_1_114' title='bbox 568 2016 603 2079; x_wconf 80' lang='lat'>⁹)</span> <span class='ocrx_word' id='word_1_115' title='bbox 636 2014 702 2063; x_wconf 94' lang='lat' dir='ltr'>ab</span> <span class='ocrx_word' id='word_1_116' title='bbox 736 2013 1008 2071; x_wconf 85' lang='lat' dir='ltr'>Alcibiade,</span> <span class='ocrx_word' id='word_1_117' title='bbox 1034 2030 1183 2078; x_wconf 92' lang='lat' dir='ltr'>quem</span> <span class='ocrx_word' id='word_1_118' title='bbox 1208 2013 1443 2079; x_wconf 88' lang='lat' dir='ltr'>imprimis</span> <span class='ocrx_word' id='word_1_119' title='bbox 1467 2014 1836 2078; x_wconf 85' lang='lat' dir='ltr'>perstrinxerat,</span> 
     </span>
     <span class='ocr_line' id='line_1_20' title="bbox 268 2097 631 2149; baseline -0.008 0"><span class='ocrx_word' id='word_1_120' title='bbox 268 2108 473 2149; x_wconf 87' lang='lat' dir='ltr'>necatus</span> <span class='ocrx_word' id='word_1_121' title='bbox 506 2097 631 2147; x_wconf 87' lang='lat' dir='ltr'>est.”</span> 
     </span>
    </p>

    <p class='ocr_par' dir='ltr' id='par_1_7' title="bbox 267 2180 1838 2663">
     <span class='ocr_line' id='line_1_21' title="bbox 330 2180 1836 2245; baseline 0.001 -14"><span class='ocrx_word' id='word_1_122' title='bbox 330 2181 523 2231; x_wconf 88' lang='lat' dir='ltr'>Fabula</span> <span class='ocrx_word' id='word_1_123' title='bbox 541 2190 707 2230; x_wconf 90' lang='lat' dir='ltr'>autem</span> <span class='ocrx_word' id='word_1_124' title='bbox 726 2190 834 2230; x_wconf 88' lang='lat' dir='ltr'>erat</span> <span class='ocrx_word' id='word_1_125' title='bbox 846 2180 1153 2229; x_wconf 88' lang='lat' dir='ltr'>Alcibiadem</span> <span class='ocrx_word' id='word_1_126' title='bbox 1164 2191 1368 2245; x_wconf 92' lang='lat' dir='ltr'>poetam</span> <span class='ocrx_word' id='word_1_127' title='bbox 1386 2181 1432 2229; x_wconf 93' lang='lat' dir='ltr'>in</span> <span class='ocrx_word' id='word_1_128' title='bbox 1444 2197 1583 2231; x_wconf 91' lang='lat' dir='ltr'>mare</span> <span class='ocrx_word' id='word_1_129' title='bbox 1596 2181 1836 2232; x_wconf 91' lang='lat' dir='ltr'>deiecisse</span> 
     </span>
     <span class='ocr_line' id='line_1_22' title="bbox 267 2262 1835 2330; baseline 0 -15"><span class='ocrx_word' id='word_1_130' title='bbox 267 2276 320 2316; x_wconf 88' lang='lat' dir='ltr'>et</span> <span class='ocrx_word' id='word_1_131' title='bbox 362 2265 584 2314; x_wconf 86' lang='lat' dir='ltr'>iniuriam</span> <span class='ocrx_word' id='word_1_132' title='bbox 629 2264 721 2313; x_wconf 89' lang='lat' dir='ltr'>sibi</span> <span class='ocrx_word' id='word_1_133' title='bbox 766 2263 967 2313; x_wconf 89' lang='lat' dir='ltr'>allatam</span> <span class='ocrx_word' id='word_1_134' title='bbox 1011 2263 1080 2312; x_wconf 89' lang='lat' dir='ltr'>sic</span> <span class='ocrx_word' id='word_1_135' title='bbox 1129 2262 1280 2312; x_wconf 90' lang='lat' dir='ltr'>ultum</span> <span class='ocrx_word' id='word_1_136' title='bbox 1332 2281 1461 2323; x_wconf 90' lang='lat' dir='ltr'>esse,</span> <span class='ocrx_word' id='word_1_137' title='bbox 1513 2274 1566 2313; x_wconf 90' lang='lat' dir='ltr'>ut</span> <span class='ocrx_word' id='word_1_138' title='bbox 1616 2276 1835 2330; x_wconf 90' lang='lat' dir='ltr'>poetam,</span> 
     </span>
     <span class='ocr_line' id='line_1_23' title="bbox 267 2347 1836 2415; baseline 0 -17"><span class='ocrx_word' id='word_1_139' title='bbox 267 2348 403 2415; x_wconf 90' lang='lat' dir='ltr'>quod</span> <span class='ocrx_word' id='word_1_140' title='bbox 435 2347 605 2413; x_wconf 89' lang='lat' dir='ltr'>Baptis</span> <span class='ocrx_word' id='word_1_141' title='bbox 632 2347 1002 2412; x_wconf 88' lang='lat' dir='ltr'>exprobrasset,</span> <span class='ocrx_word' id='word_1_142' title='bbox 1029 2347 1194 2396; x_wconf 89' lang='lat' dir='ltr'>subire</span> <span class='ocrx_word' id='word_1_143' title='bbox 1227 2357 1434 2413; x_wconf 89' lang='lat' dir='ltr'>cogeret</span> <span class='ocrx_word' id='word_1_144' title='bbox 1461 2348 1633 2412; x_wconf 88' lang='lat' dir='ltr'>ipsum.</span> <span class='ocrx_word' id='word_1_145' title='bbox 1670 2347 1836 2411; x_wconf 80' lang='lat' dir='ltr'>Quam</span> 
     </span>
     <span class='ocr_line' id='line_1_24' title="bbox 268 2429 1836 2496; baseline -0.001 -15"><span class='ocrx_word' id='word_1_146' title='bbox 268 2431 600 2481; x_wconf 88' lang='lat' dir='ltr'>narrationem</span> <span class='ocrx_word' id='word_1_147' title='bbox 646 2430 711 2479; x_wconf 92' lang='lat' dir='ltr'>de</span> <span class='ocrx_word' id='word_1_148' title='bbox 756 2440 941 2495; x_wconf 89' lang='lat' dir='ltr'>poetae</span> <span class='ocrx_word' id='word_1_149' title='bbox 986 2440 1146 2479; x_wconf 90' lang='lat' dir='ltr'>morte</span> <span class='ocrx_word' id='word_1_150' title='bbox 1185 2429 1548 2480; x_wconf 88' lang='lat' dir='ltr'>Eratosthenes</span> <span class='ocrx_word' id='word_1_151' title='bbox 1568 2435 1602 2492; x_wconf 82' lang='lat'>⁸)</span> <span class='ocrx_word' id='word_1_152' title='bbox 1637 2431 1836 2496; x_wconf 89' lang='lat' dir='ltr'>quidem</span> 
     </span>
     <span class='ocr_line' id='line_1_25' title="bbox 268 2513 1838 2581; baseline 0 -17"><span class='ocrx_word' id='word_1_153' title='bbox 268 2514 535 2581; x_wconf 88' lang='lat' dir='ltr'>redarguit,</span> <span class='ocrx_word' id='word_1_154' title='bbox 563 2514 655 2563; x_wconf 90' lang='lat' dir='ltr'>sed</span> <span class='ocrx_word' id='word_1_155' title='bbox 682 2514 848 2578; x_wconf 89' lang='lat' dir='ltr'>utique</span> <span class='ocrx_word' id='word_1_156' title='bbox 881 2523 1110 2562; x_wconf 89' lang='lat' dir='ltr'>constare</span> <span class='ocrx_word' id='word_1_157' title='bbox 1139 2513 1332 2562; x_wconf 90' lang='lat' dir='ltr'>videtur</span> <span class='ocrx_word' id='word_1_158' title='bbox 1360 2523 1549 2563; x_wconf 91' lang='lat' dir='ltr'>sectam</span> <span class='ocrx_word' id='word_1_159' title='bbox 1572 2513 1838 2565; x_wconf 89' lang='lat' dir='ltr'>Thraciam</span> 
     </span>
     <span class='ocr_line' id='line_1_26' title="bbox 268 2596 1753 2663; baseline -0.001 -15"><span class='ocrx_word' id='word_1_160' title='bbox 268 2614 300 2649; x_wconf 90' lang='lat' dir='ltr'>a</span> <span class='ocrx_word' id='word_1_161' title='bbox 332 2598 631 2663; x_wconf 87' lang='lat' dir='ltr'>baptismate</span> <span class='ocrx_word' id='word_1_162' title='bbox 665 2598 712 2646; x_wconf 89' lang='lat' dir='ltr'>in</span> <span class='ocrx_word' id='word_1_163' title='bbox 746 2597 899 2646; x_wconf 88' lang='lat' dir='ltr'>sacris</span> <span class='ocrx_word' id='word_1_164' title='bbox 933 2596 1255 2662; x_wconf 87' lang='lat' dir='ltr'>exsequendo</span> <span class='ocrx_word' id='word_1_165' title='bbox 1289 2613 1470 2647; x_wconf 89' lang='lat' dir='ltr'>nomen</span> <span class='ocrx_word' id='word_1_166' title='bbox 1505 2596 1753 2647; x_wconf 90' lang='lat' dir='ltr'>habuisse.</span> 
     </span>
    </p>

    <p class='ocr_par' dir='ltr' id='par_1_8' title="bbox 335 2680 1838 2747">
     <span class='ocr_line' id='line_1_27' title="bbox 335 2680 1838 2747; baseline 0.001 -18"><span class='ocrx_word' id='word_1_167' title='bbox 335 2680 501 2745; x_wconf 83' lang='lat' dir='ltr'>Quam</span> <span class='ocrx_word' id='word_1_168' title='bbox 529 2680 1000 2746; x_wconf 86' lang='lat' dir='ltr'>interpretationem,</span> <span class='ocrx_word' id='word_1_169' title='bbox 1029 2696 1331 2745; x_wconf 90' lang='lat' dir='ltr'>quamquam</span> <span class='ocrx_word' id='word_1_170' title='bbox 1359 2696 1423 2729; x_wconf 92' lang='lat' dir='ltr'>eo</span> <span class='ocrx_word' id='word_1_171' title='bbox 1451 2680 1612 2747; x_wconf 83' lang='lat' dir='ltr'>magis</span> <span class='ocrx_word' id='word_1_172' title='bbox 1636 2681 1838 2746; x_wconf 89' lang='lat' dir='ltr'>placere</span> 
     </span>
    </p>
   </div>
   <div class='ocr_carea' id='block_1_6' title="bbox 269 2821 556 2829">
    <p class='ocr_par' dir='ltr' id='par_1_9' title="bbox 269 2821 556 2829">
     <span class='ocr_line' id='line_1_28' title="bbox 269 2821 556 2829; baseline 0 0"><span class='ocrx_word' id='word_1_173' title='bbox 269 2821 556 2829; x_wconf 95' lang='lat' dir='ltr'> </span> 
     </span>
    </p>
   </div>
   <div class='ocr_carea' id='block_1_7' title="bbox 338 2889 1054 3072">
    <p class='ocr_par' dir='ltr' id='par_1_10' title="bbox 338 2889 1054 3072">
     <span class='ocr_line' id='line_1_29' title="bbox 338 2889 1054 2942; baseline 0.001 -12"><span class='ocrx_word' id='word_1_174' title='bbox 338 2890 370 2942; x_wconf 75' lang='grc' dir='ltr'>ι)</span> <span class='ocrx_word' id='word_1_175' title='bbox 395 2890 566 2942; x_wconf 85' lang='lat' dir='ltr'>Ephem.</span> <span class='ocrx_word' id='word_1_176' title='bbox 594 2890 718 2931; x_wconf 79' lang='lat' dir='ltr'>Arch.</span> <span class='ocrx_word' id='word_1_177' title='bbox 748 2889 863 2940; x_wconf 87' lang='lat'>1887,</span> <span class='ocrx_word' id='word_1_178' title='bbox 892 2902 934 2942; x_wconf 89' lang='lat' dir='ltr'>p.</span> <span class='ocrx_word' id='word_1_179' title='bbox 965 2899 1054 2940; x_wconf 81' lang='lat'><strong>¹77.</strong></span> 
     </span>
     <span class='ocr_line' id='line_1_30' title="bbox 339 2955 953 3007; baseline -0.002 -11"><span class='ocrx_word' id='word_1_180' title='bbox 339 2955 373 3005; x_wconf 81' lang='lat'>¹)</span> <span class='ocrx_word' id='word_1_181' title='bbox 398 2955 529 2996; x_wconf 82' lang='lat' dir='ltr'>SchoL</span> <span class='ocrx_word' id='word_1_182' title='bbox 559 2955 611 2996; x_wconf 75' lang='lat' dir='ltr'>ad</span> <span class='ocrx_word' id='word_1_183' title='bbox 631 2956 780 3007; x_wconf 84' lang='lat' dir='ltr'>Juven.</span> <span class='ocrx_word' id='word_1_184' title='bbox 806 2955 860 3005; x_wconf 89' lang='lat'>11,</span> <span class='ocrx_word' id='word_1_185' title='bbox 889 2967 953 3006; x_wconf 81' lang='lat'>9²·</span> 
     </span>
     <span class='ocr_line' id='line_1_31' title="bbox 338 3020 916 3072; baseline -0.002 -10"><span class='ocrx_word' id='word_1_186' title='bbox 338 3021 372 3072; x_wconf 79' lang='lat'>⁸)</span> <span class='ocrx_word' id='word_1_187' title='bbox 399 3020 486 3062; x_wconf 84' lang='lat' dir='ltr'>eie.</span> <span class='ocrx_word' id='word_1_188' title='bbox 507 3022 560 3061; x_wconf 77' lang='lat' dir='ltr'>ad</span> <span class='ocrx_word' id='word_1_189' title='bbox 588 3020 783 3071; x_wconf 78' lang='lat' dir='ltr'>Atticum,</span> <span class='ocrx_word' id='word_1_190' title='bbox 810 3021 849 3071; x_wconf 90' lang='lat'>6,</span> <span class='ocrx_word' id='word_1_191' title='bbox 882 3033 916 3061; x_wconf 85' lang='lat'>1.</span> 
     </span>
    </p>
   </div>
  </div>
 </body>
</html>
