2176 3450
1144 309 1233 356 106

405 462 727 523 „moriturus”
764 461 898 510 audit
917 463 967 524 1),
1002 465 1204 508 τελευτᾶν
1219 462 1254 524 ⁹)
1288 470 1339 508 et
1373 460 1673 518 „accessisse
1701 460 1971 509 confinium

403 545 604 594 mortis’'
627 546 660 608 ⁸)
707 556 758 593 et
805 543 1054 603 „calcasse
1099 543 1424 606 Proserpinae
1463 542 1642 591 limen’‘
1679 560 1734 592 se
1769 543 1886 592 dicit
1919 554 1972 593 et

403 629 567 686 homo,
582 628 663 692 qui
687 632 881 680 τελεταῖς
903 628 1112 685 μεγάλαις
1136 623 1480 687 κατοργιάζεται,
1496 626 1707 674 eandem
1726 626 1970 676 actionem

402 711 467 760 ad
501 711 654 758 instar
688 709 992 758 voluntariae
1028 708 1199 755 mortis
1234 717 1495 756 exsecutus
1529 725 1642 758 esse
1676 709 1883 758 videtur.

468 793 618 856 Quod
651 802 859 856 apparet
893 808 955 838 ex
994 790 1233 839 Plutarchi
1267 790 1547 855 fragmento
1582 792 1675 840 hoc
1690 794 1750 856 4);
1784 791 1883 841 τότε
1920 795 1971 841 δὲ

402 876 561 934 πάσχει
596 875 804 939 (animus
843 874 1076 936 moriens)
1124 871 1275 927 πάθος
1313 871 1404 920 οἷον
1440 876 1483 921 οἱ
1523 879 1718 930 τελεταῖς
1758 876 1972 936 μεγάλαις

401 955 793 1019 κατοργιαζόμενοι.
826 956 894 1003 διὸ
923 960 995 1004 καὶ
1025 956 1074 1003 τὸ
1105 960 1224 1019 ῥῆμα
1258 961 1322 1016 τῷ
1355 954 1516 1019 ῥήματι
1555 961 1627 1005 καὶ
1663 957 1713 1005 τό
1749 958 1872 1021 ἔργον
1909 961 1973 1019 vq‘

399 1039 510 1100 ἔργῳ
543 1042 620 1084 τοῦ
651 1040 853 1084 τελευτᾶν
884 1041 954 1083 καὶ
985 1040 1214 1084 τελεῖσθαι
1248 1039 1514 1099 προσέοικεν.
1547 1035 1708 1085 πλάναι
1732 1037 1787 1086 ‘ta‘
1812 1042 1968 1101 πρῶτα

400 1121 472 1165 καὶ
497 1121 761 1180 περιδρομαὶ
784 1113 999 1170 κοπώδεις
1031 1120 1103 1164 καὶ
1131 1117 1206 1163 dcc?
1235 1115 1415 1171 σκότους
1437 1120 1548 1171 τινὲς
1573 1118 1767 1165 ὕποπτοι
1792 1126 1970 1181 πορεῖαι

403 1201 475 1245 καὶ
500 1197 735 1252 οἷτέλεστοι,
761 1195 855 1244 εἶτα
883 1196 972 1258 πρὸ
996 1201 1076 1243 τοῦ
1098 1199 1249 1251 τέλους
1273 1196 1411 1245 αὐτοῦ
1434 1197 1491 1244 τοὶ
1514 1197 1638 1245 δεινοὶ
1661 1198 1816 1255 πάντα,
1833 1201 1969 1262 φρίκη

469 1331 499 1379 1)
527 1330 722 1369 Firmicus
759 1331 981 1379 Maternus,
1023 1330 1086 1369 De
1114 1342 1245 1369 errore
1271 1330 1530 1381 profanarum
1557 1331 1809 1382 religionum,
1837 1344 1872 1372 c.
1906 1332 1968 1381 18,

399 1397 610 1447 explanat:
656 1395 829 1446 „quibus
870 1408 913 1434 se
949 1395 1072 1446 signis
1101 1396 1164 1434 vel
1191 1395 1338 1446 quibus
1366 1396 1556 1446 symbolis
1582 1396 1626 1436 in
1652 1396 1748 1448 ipsis
1775 1396 1967 1448 supersti-

398 1461 574 1501 tionibus
628 1460 855 1500 miseranda
907 1460 1117 1500 hominum
1171 1461 1289 1500 turba
1341 1469 1574 1513 cognoscat.
1631 1463 1800 1502 Habent
1858 1461 1968 1502 enim

398 1526 558 1578 propria
592 1525 719 1577 signa,
747 1525 910 1578 propria
936 1539 1140 1577 responsa,
1171 1539 1276 1577 quae
1303 1526 1375 1565 illis
1404 1527 1446 1565 in
1474 1526 1642 1567 istorum
1670 1527 1967 1580 sacrilegiorum

397 1591 578 1631 coetibus
628 1591 787 1630 Diaboli
836 1590 1000 1630 tradidit
1056 1590 1280 1642 disciplina.
1321 1593 1368 1631 In
1411 1593 1590 1643 quodam
1633 1593 1796 1644 templo,
1839 1601 1884 1633 ut
1924 1593 1967 1633 in

396 1656 650 1696 interioribus
691 1656 871 1707 partibus
911 1657 1025 1695 homo
1066 1659 1297 1696 moriturus
1337 1657 1463 1708 possit
1502 1658 1674 1707 admitti,
1715 1658 1837 1698 dicit:
1892 1658 1968 1698 »de

397 1729 592 1773 tympano
613 1722 868 1771 manducavi,
893 1722 944 1761 de
967 1722 1153 1772 cymbalo
1168 1721 1251 1761 bibi
1268 1730 1308 1761 et
1322 1722 1524 1774 religionis
1538 1731 1691 1763 secreta
1706 1723 1969 1775 perdidici«”.

397 1787 461 1827 Cf.
489 1786 705 1837 Dieterich,
733 1786 959 1827 Mithraslit.
987 1801 1028 1838 p.
1061 1800 1133 1838 103
1165 1795 1203 1826 et
1234 1788 1309 1827 216
1318 1802 1330 1837 3
1357 1801 1480 1838 prave
1506 1789 1682 1839 Lobeck,
1718 1789 1920 1841 Aglaoph.
1945 1789 1966 1828 1

397 1865 437 1903 p.
468 1865 518 1900 24
545 1865 618 1903 pro
646 1851 914 1902 „moriturus”
942 1852 1116 1892 coniecit
1144 1852 1394 1903 ,‚0raturus”,
1416 1853 1584 1893 Bursian
1607 1861 1648 1894 et
1669 1855 1792 1893 Halm
1818 1853 1967 1904 „intro-

396 1916 571 1966 iturus”;
601 1930 735 1968 neque
763 1925 873 1957 recte
901 1920 1115 1957 Munterus
1137 1917 1406 1967 „moriturus”
1419 1918 1706 1970 interpretatur
1724 1918 1967 1970 ‚,mortalis'’.

397 1982 461 2022 Cf.
498 1984 646 2031 Maass,
685 1983 872 2034 Orpheus
907 1997 947 2034 p.
990 1983 1083 2032 1763
1120 1989 1160 2021 et
1197 1984 1259 2021 De
1290 1985 1412 2034 Jong,
1450 1985 1514 2023 De
1541 1983 1714 2036 Apuleio
1746 1984 1965 2024 Isiacorum

396 2048 681 2099 Mysteriorum
709 2056 823 2098 teste,
853 2053 872 2096 ᾗ
904 2059 965 2098 17.
1111 2097 1115 2099 ,

466 2113 495 2159 2)
524 2118 924 2163 ΑΠΑΘΑΝΑΤΙΣΜΟΣ,
952 2112 1168 2163 Dieterich,
1198 2113 1425 2153 Mithraslit.
1453 2128 1492 2166 p.
1527 2128 1575 2163 14
1602 2128 1640 2155 v.
1663 2128 1710 2166 31
1742 2127 1848 2167 seq.:
1874 2107 1967 2167 Ξιύμι

395 2179 498 2216 πάλιν
538 2178 714 2229 ’γενόμενος
754 2181 984 2229 ἀπο-γίγνομαι
1024 2179 1210 2229 αὐξόμενος
1245 2180 1301 2216 καὶ
1338 2182 1490 2224 αὐξηθεὶς
1527 2181 1683 2230 τελευτῶ,
1711 2180 1782 2218 ἀπὸ
1807 2182 1965 2230 γενέσεως

395 2244 563 2293 ζῳογὸνου
601 2244 776 2294 γενόμενος
815 2246 861 2287 εἰς
901 2246 1121 2295 ἀπογενεσίαν
1161 2245 1338 2288 ἀπολυθεὶς
1373 2248 1572 2298 πορεύομαι,
1600 2248 1645 2288 ὡς
1672 2247 1716 2283 σὺ
1743 2245 1892 2296 ἔκτισας,
1919 2249 1965 2290 ὥς

395 2309 439 2347 σὺ
466 2310 706 2359 ἐνομοθέτησας
732 2311 788 2347 καὶ
815 2311 976 2352 ἐποίησας
1003 2315 1201 2362 μυστήριον.

463 2374 494 2423 ⁸)
524 2375 731 2425 Apuleius,
772 2377 940 2415 Metam.
977 2376 1002 2414 1.
1032 2377 1091 2414 XI
1127 2389 1150 2415 c
1188 2391 1262 2416 21:
1307 2389 1429 2427 „nam
1458 2384 1498 2416 et
1524 2376 1698 2416 inferum
1725 2377 1899 2416 claustra
1924 2383 1965 2416 et

396 2438 533 2478 salutis
561 2441 728 2479 tutelam
756 2440 797 2478 in
828 2440 928 2479 deae
956 2453 1080 2479 manu
1109 2442 1240 2492 posita
1256 2442 1468 2493 ipsamque
1482 2441 1738 2481 traditionem
1751 2442 1812 2480 ad
1824 2443 1965 2481 instar

394 2504 659 2544 voluntariae
706 2507 852 2545 mortis
902 2513 942 2545 et
992 2506 1198 2556 precariae
1248 2507 1385 2546 salutis
1433 2506 1636 2556 celebrari,
1677 2507 1830 2558 quippe
1868 2519 1964 2546 cum

396 2571 623 2609 transactis
647 2572 758 2610 vitae
785 2572 1032 2621 temporibus
1061 2573 1142 2611 iam
1173 2574 1218 2611 in
1248 2574 1334 2623 ipso
1351 2574 1509 2625 finitae
1534 2573 1638 2611 lucis
1659 2573 1802 2612 limine
1820 2573 1965 2612 consti-

395 2632 526 2673 tutos''
556 2642 653 2684 etc.;
678 2635 744 2675 1.1.
772 2649 809 2674 c.
840 2648 914 2687 23:
946 2637 1126 2685 „Accessi
1146 2639 1369 2689 confinium
1392 2639 1538 2676 mortis
1558 2643 1600 2676 et
1617 2638 1772 2676 calcato
1783 2638 1964 2677 Proser-

389 2700 516 2749 pinae
551 2700 694 2739 limine
728 2713 799 2751 per
835 2700 972 2740 omnia
1008 2709 1149 2741 vectus
1186 2703 1385 2742 elementa
1411 2702 1625 2742 remeavi.”
1654 2703 1718 2742 Cf.
1745 2701 1962 2752 Dieterich,

394 2763 419 2802 1.
435 2763 460 2802 1.
489 2776 530 2814 p.
564 2765 637 2802 162
667 2772 707 2804 et
734 2766 797 2804 De
817 2767 939 2817 Jong,
964 2767 1046 2805 Das
1073 2767 1224 2807 Antike
1251 2767 1619 2819 Mysterienwesen‚
1642 2781 1682 2819 p.
1703 2777 1847 2819 47-513
1873 2768 1962 2817 176.

463 2827 497 2878 4)
525 2829 731 2879 Stobaeus,
769 2831 871 2869 Flor.
909 2832 967 2869 IV
1003 2845 1043 2882 p.
1085 2843 1155 2881 107
1187 2833 1255 2882 (cf.
1283 2845 1404 2884 supra
1432 2846 1520 2884 cap.
1548 2835 1606 2872 111
1633 2835 1658 2883 ὅ
1686 2835 1741 2884 4).
1781 2832 1893 2872 Sicut
1918 2831 1962 2872 in

394 2892 592 2943 mysteriis
642 2894 854 2934 Eleusiniis
904 2896 980 2935 dea
1027 2896 1126 2948 ipsa,
1167 2897 1224 2937 ita
1265 2898 1307 2937 in
1352 2898 1472 2937 sacris
1512 2898 1703 2938 Thurinis
1741 2897 1962 2938 initiandus

393 2956 440 2993 τὰ
466 2956 527 3007 μὲν
554 2964 654 3008 ποιεῖ,
681 2959 725 2995 τὰ
751 2959 790 2996 δὲ
817 2963 946 3011 πάσχει
973 2962 1111 3014 (Greg.
1140 2964 1237 3002 Naz.
1267 2963 1335 3003 Or.
1369 2965 1565 3014 XXXIX,
1593 2966 1648 3015 4).
