2176 3450
1167 342 1227 387 92

487 466 627 529 Quos
654 482 825 514 versus
851 464 999 512 latine
1028 463 1155 511 hunc
1179 463 1226 510 in
1252 462 1452 511 modum
1476 472 1671 511 vertere
1693 478 1982 527 possumus:

423 594 465 641 3.
568 579 796 642 Namque
831 577 1061 641 equidem
1095 576 1219 624 divis
1254 585 1424 624 natum
1458 591 1539 623 me
1572 575 1762 641 glorior
1794 592 1923 626 esse.

568 662 638 709 At
670 661 869 709 meritas
902 676 1093 723 poenas
1126 658 1325 707 solvens
1359 658 1453 707 vixi
1487 675 1809 718 aerumnose3

566 743 792 808 Abripuit
826 760 906 791 me
940 742 1120 790 deinde
1154 741 1285 790 Iovis
1319 758 1431 790 cum
1465 741 1665 791 fulmine
1699 742 1902 799 Fatum3

567 844 694 875 nunc
728 836 893 875 autem
927 824 1135 889 supplex
1169 824 1317 872 venio
1352 824 1418 872 ad
1457 835 1523 883 te,
1565 825 1984 891 Phersephoneia‚

421 923 463 972 7.
564 910 700 957 mitte
734 909 992 957 beatorum
1028 924 1108 956 me
1142 907 1209 956 ad
1241 908 1391 956 sedes
1425 917 1592 957 mente
1626 908 1857 974 benigna.

486 1051 726 1100 Carminis
777 1051 842 1099 ad
893 1050 1074 1098 exitum
1116 1050 1212 1099 iam
1256 1050 1480 1099 venimus
1523 1061 1576 1100 et
1619 1050 1790 1100 ultimo
1836 1068 1984 1102 versu

420 1134 667 1199 paulisper
701 1133 1028 1192 subsistimus,
1066 1150 1164 1182 non
1200 1143 1255 1182 ut
1295 1134 1360 1182 de
1400 1133 1760 1200 significatione
1801 1134 1986 1200 aliquid

419 1217 708 1274 addiscatur,
740 1216 830 1264 sed
854 1225 909 1264 ut
938 1215 1255 1282 intellegatur
1283 1234 1384 1281 quo
1415 1217 1567 1266 modo
1594 1233 1793 1267 carmen
1821 1228 1983 1267 exeat.

418 1300 642 1348 Mortuus
686 1299 818 1348 enim
853 1299 972 1363 quid
1006 1300 1070 1348 ab
1105 1299 1374 1349 Inferorum
1409 1300 1584 1366 regina
1623 1300 1716 1350 sibi
1754 1310 1985 1366 precetur

417 1384 729 1447 perspicuum
763 1392 863 1432 est:

621 1502 678 1552 ὥς
704 1519 755 1557 με
785 1506 981 1558 πρόφρων
1011 1502 1159 1559 πέμψῃ
1190 1501 1316 1558 ἕδρας
1347 1505 1405 1553 εἷς
1436 1503 1784 1564 εὐαγε[όν]τω[ν].

483 1633 596 1681 Non
650 1633 865 1681 infinitas
920 1634 1051 1682 vitae
1108 1633 1496 1682 necessitudines
1553 1635 1849 1698 deprecatur
1893 1633 1986 1684 sed

417 1726 525 1767 orat
575 1726 629 1764 ut
671 1716 968 1780 Proserpina
1018 1733 1073 1765 se
1118 1717 1184 1765 ad
1234 1718 1495 1766 beatorum
1543 1717 1692 1767 sedes
1742 1717 1982 1767 admittat.

418 1797 555 1860 Quas
590 1798 767 1847 Rohde
801 1800 1003 1848 easdem
1046 1816 1158 1848 esse
1204 1801 1392 1849 censuit
1435 1810 1585 1865 atque
1629 1800 1793 1850 locum
1835 1817 1983 1866 quem

418 1882 682 1946 antiquitas
700 1882 820 1931 dixit
850 1883 922 1930 τὸν
958 1888 1044 1930 τῶν
1081 1883 1276 1942 εὐσεβῶν
1306 1888 1462 1946 χαῖρον,
1493 1881 1544 1931 οὗ
1574 1892 1667 1939 τοῖς
1695 1886 1986 1948 μεμνημένοις

417 1969 509 2012 ἐστι’
538 1984 603 2019 τις
633 1969 862 2029 προεδρία.
882 1967 914 2030 1)
950 1965 1134 2014 Noster
1168 1975 1333 2015 autem
1367 1976 1589 2015 mortuus
1624 1966 1796 2031 procul
1829 1966 1982 2016 dubio

416 2046 490 2094 τὸν
525 2047 635 2109 ᾅδην
669 2048 743 2095 τὼ·
768 2051 812 2095 ἐν
856 2048 1027 2112 οὐρανῷ
1076 2049 1223 2112 (Iovis
1272 2050 1450 2097 summi
1501 2051 1709 2116 regiam)
1729 2052 1765 2115 ¹)
1813 2049 1982 2099 voluit.

417 2128 580 2192 Quem
615 2130 944 2194 synthiasotas
977 2131 1240 2180 defunctos
1275 2133 1372 2181 iam
1406 2132 1621 2182 incolere
1653 2132 1875 2182 credidit.

481 2212 585 2261 Iam
602 2229 722 2261 vero
740 2224 946 2278 rogatur
963 2231 1062 2279 quo
1080 2215 1278 2264 nomine
1296 2216 1474 2265 beatos
1489 2215 1598 2265 illos
1615 2217 1982 2281 nuncupaverit.

418 2295 530 2358 Qua
576 2297 641 2344 de
686 2313 740 2344 re
783 2313 893 2344 cum
939 2314 1114 2346 omnes
1161 2299 1457 2363 interpretes
1508 2317 1608 2348 non
1659 2300 1982 2359 consentiant,

417 2378 583 2426 statim
617 2379 942 2428 admonemus
976 2380 1102 2429 hanc
1124 2383 1465 2446 quaestionem
1489 2382 1710 2447 pendere
1728 2382 1794 2431 ab
1811 2382 1982 2432 ultimo

417 2462 640 2509 carminis
683 2463 850 2510 verbo.
897 2463 1046 2526 Quod
1080 2464 1126 2512 in
1161 2464 1350 2514 laminis
1385 2466 1451 2514 ita
1485 2476 1768 2530 corruptum
1801 2476 1892 2524 est,
1929 2475 1983 2514 ut

418 2543 650 2608 scriptum
685 2545 747 2593 sit
781 2545 828 2593 in
865 2547 1078 2595 carmine
1113 2547 1170 2595 B:
1210 2556 1440 2597 ΕΥΛΓΕΙ
1464 2554 1544 2607 ΩΙ,
1575 2548 1622 2597 in
1662 2549 1877 2598 carmine
1916 2548 1980 2598 C:

486 2775 516 2823 1)
544 2775 669 2825 Plato,
705 2775 872 2816 Axioch.
909 2788 984 2828 371
1024 2779 1076 2818 D.
1085 2793 1097 2828 3
1133 2780 1183 2818 cf.
1219 2780 1377 2829 Rohde,
1414 2781 1570 2832 Psyche
1606 2781 1638 2830 I,
1673 2793 1764 2831 314,
1798 2781 1838 2820 II
1873 2781 1981 2831 219⁸,

417 2839 566 2891 383s84
600 2847 640 2879 et
673 2840 877 2881 Dieterich
910 2842 962 2881 de
995 2844 1188 2892 „voculae
1214 2846 1336 2895 εὐαγής
1366 2844 1553 2885 historiae
1580 2845 1773 2896 mysticae
1802 2844 1982 2885 terminis

416 2904 600 2943 duobus”
628 2905 696 2945 Kl.
723 2905 922 2946 Schriften
951 2921 991 2958 p.
1021 2918 1085 2959 95.

484 2967 515 3020 ²)
542 2969 647 3008 Vide
674 2983 764 3021 cap.
790 2973 828 3010 II
856 2976 876 3019 5
903 2985 942 3023 3.
