2176 3450
964 362 1026 410 45

211 485 518 543 verbunden,
553 484 631 533 ich
666 485 893 533 erinnere
919 501 1008 532 nur
1031 500 1095 533 an
1114 484 1205 533 das
1222 484 1374 545 ἔριφος
1390 482 1514 531 etc.''
1535 482 1777 547 Equidem

212 579 379 619 autem
419 568 761 616 demonstrare
796 578 1004 616 conatus
1038 583 1147 615 sum
1185 583 1284 615 non
1319 566 1470 627 ἔριφον
1496 564 1657 614 solum
1686 565 1778 614 sed

217 651 426 706 Εὐκ(ο)λον
454 667 655 715 quoque
684 649 864 698 cultum
889 667 1003 699 esse
1037 666 1068 699 a
1111 648 1490 714 Metapontinis3
1525 665 1673 713 quarn
1709 650 1776 697 ob

211 750 412 783 causam
445 733 606 782 iudico
640 750 739 782 non
773 750 915 782 sacra
949 750 1079 798 quae
1113 733 1340 781 dicuntur
1381 731 1776 791 „Lokalkulten”

211 833 321 866 cum
367 817 688 866 thiasotarum
731 816 886 865 sacris
925 816 1130 865 confusa
1163 832 1292 874 esse,
1326 815 1416 864 sed
1445 813 1628 863 cultum
1659 814 1778 863 thia·

210 911 430 949 sotarum
442 899 777 948 Thurinorum
791 899 1176 964 antiquissimam
1189 899 1361 947 sedem
1375 899 1423 946 in
1437 898 1780 962 Metapontina

211 983 419 1048 regione
453 982 699 1031 habuisse.
737 982 820 1030 Ad
856 982 1224 1047 Metapontinos
1257 992 1425 1030 autem
1451 980 1776 1047 Pythagoras,

210 1082 321 1114 cum
350 1066 520 1131 viginti
549 1083 708 1115 annos
742 1065 965 1115 Crotona
988 1066 1187 1131 egisset,
1219 1065 1508 1131 migravisse
1537 1065 1775 1129 dicitur1).

211 1148 374 1212 Quam
399 1149 466 1198 ob
491 1165 692 1198 causam
710 1159 1060 1214 exspectamus
1078 1148 1226 1198 etiam
1246 1148 1525 1212 Metaponti
1543 1147 1778 1197 sodalicia

209 1232 526 1297 Pythagorea
560 1232 776 1280 instituta
811 1248 938 1281 esse.

276 1314 329 1364 Si
352 1331 471 1363 vera
492 1325 605 1363 sunt
628 1331 728 1379 qua
750 1332 899 1379 supra
918 1315 952 1378 ¹)
975 1315 1235 1379 disputavi,
1258 1314 1498 1363 thiasotas
1514 1314 1777 1373 Thurinos,

210 1399 293 1464 qui
327 1397 492 1447 literas
520 1397 825 1462 sepulcrales
853 1398 1057 1446 mortuis
1085 1398 1354 1455 traderent,
1385 1414 1575 1446 morem
1606 1397 1778 1461 Pytha-

209 1498 416 1549 goreum
458 1481 715 1530 celebrare
755 1481 1048 1545 perrexisse,
1089 1497 1253 1546 neque
1287 1481 1446 1529 minus
1481 1491 1668 1529 certum
1703 1492 1780 1530 est

210 1582 351 1615 sacra
383 1564 606 1613 Thurina
640 1581 670 1613 e
703 1563 1000 1629 Metaponto
1034 1564 1242 1612 oriunda
1282 1580 1410 1622 esse,
1452 1564 1548 1612 iam
1590 1564 1777 1613 conclu-

210 1649 427 1697 dendum
479 1657 556 1696 est
611 1647 851 1696 thiasotas
908 1646 1074 1696 Italiae
1130 1646 1371 1695 inferioris
1426 1647 1615 1711 optimo
1672 1649 1779 1697 iure

209 1731 552 1797 Pythagoreos
585 1730 825 1780 nominari
859 1747 1024 1795 posse.

278 1915 306 1962 1)
347 1918 410 1957 De
449 1916 677 1968 Pythagora
715 1916 826 1967 apud
867 1915 1171 1967 Metapontinos
1212 1915 1305 1955 vide
1346 1916 1483 1956 Iambl.
1529 1917 1579 1956 V.
1608 1917 1651 1956 P.
1675 1930 1698 1956 c
1727 1928 1776 1968 35

210 1986 231 2031 ς
260 1995 362 2033 ²495
392 1981 509 2034 Diog.
538 1983 668 2022 Laert.
697 1983 734 2030 8,
767 1992 841 2032 155
871 1981 997 2030 lustin
1042 1994 1104 2030 20,
1134 1994 1184 2031 45
1213 1981 1369 2030 Cicero,
1398 1982 1449 2020 de
1478 1981 1567 2022 Fin.
1596 1983 1646 2030 V,
1677 1995 1713 2031 2,
1734 1996 1779 2031 45

209 2048 263 2088 cs.
290 2047 480 2099 Porphyr.
511 2048 563 2086 V.
591 2047 649 2097 Ρ.,
670 2060 707 2096 4.

277 2112 306 2164 5¹)
333 2113 439 2152 Vide
465 2113 600 2165 Caput
628 2111 659 2152 1.
