2176 3450
1062 319 1152 368 150

387 445 581 494 Scimus
616 455 780 495 autem
832 442 999 492 medio
1044 443 1149 491 {ere
1195 441 1395 491 saeculo
1440 441 1609 506 quinto
1655 441 1884 493 Bakchos

322 527 576 577 Cumanos
631 526 985 576 coemeterium
1038 524 1282 589 lapidibus
1347 524 1642 573 terminasse
1705 525 1884 590 quibus

321 611 601 676 inscriptum
638 610 750 658 fuit:

889 710 937 753 οὐ
965 709 1088 764 θέμις
1118 710 1181 753 ἐν·

889 795 1025 836 τοῦθα
1060 797 1197 835 κεῖσθ-

889 895 935 919 αι
965 878 1032 934 (ε)ι’
1059 878 1115 931 μὴ
1146 877 1220 919 τὸν
1250 877 1315 933 βε-

888 958 1193 1017 βακχευμένον.

385 1071 549 1133 Quam
568 1072 932 1136 inscriptionem
951 1071 1257 1136 Comparetti
1273 1076 1306 1132 1)
1320 1087 1451 1119 anno
1465 1085 1563 1131 420
1575 1071 1881 1136 superiorem

319 1153 458 1213 fecit3
492 1155 599 1218 ipsa
633 1165 799 1203 autem
833 1154 1074 1204 vocalium
1102 1154 1343 1219 scriptura
1370 1164 1447 1202 sat
1475 1153 1656 1218 liquide
1683 1154 1882 1203 demon·

317 1246 440 1285 strat
505 1235 642 1286 hunc'
698 1238 913 1302 lapidem
980 1239 1151 1302 quinto
1218 1236 1418 1286 saeculo
1483 1237 1695 1300 positum
1752 1253 1880 1286 esse.

319 1320 510 1383 Quodsi
545 1321 592 1369 in
628 1338 689 1370 ea
713 1322 917 1387 regione
947 1338 1093 1386 quam
1113 1321 1281 1369 Liberi
1310 1320 1607 1384 Cererisque
1631 1330 1881 1369 certamen

317 1403 557 1462 dicebant,
603 1405 775 1468 quinto
818 1404 1018 1454 saeculo
1068 1413 1280 1453 exeunte
1330 1403 1412 1452 dei
1462 1403 1617 1451 cultus
1667 1403 1765 1452 iam
1815 1403 1882 1452 ita

317 1486 492 1545 floruit,
544 1497 597 1535 ut
646 1487 751 1536 eius
801 1487 1016 1536 cultores
1061 1496 1344 1551 separatum
1389 1486 1481 1534 sibi
1526 1485 1880 1534 coemeterium

317 1569 550 1618 tributum
574 1569 829 1629 voluerint,
855 1587 953 1620 non
978 1580 1055 1619 est
1075 1571 1211 1635 quod
1229 1578 1439 1635 negetur
1454 1568 1633 1618 eodem
1650 1578 1880 1634 ternpore

316 1652 556 1701 thiasotas
589 1652 754 1701 Italiae
788 1653 1029 1702 inferioris
1063 1670 1127 1702 eo
1162 1653 1425 1702 devenisse
1459 1662 1513 1700 ut
1546 1668 1722 1701 versus
1754 1669 1878 1717 mys-

316 1736 439 1784 ticos
481 1752 650 1784 secum
697 1737 742 1784 in
787 1736 1025 1801 sepulcris
1059 1736 1287 1785 conditos
1320 1735 1574 1784 voluerint.
1610 1736 1747 1801 Ergo
1781 1752 1879 1784 non

316 1829 393 1868 est
435 1820 698 1868 temeraria
731 1819 855 1868 haec
889 1819 1161 1868 conclusio:
1196 1835 1427 1868 versuum
1459 1818 1650 1867 laminis
1684 1818 1879 1883 inscrip-

315 1911 476 1950 torum
505 1902 801 1967 archetypos
830 1903 1010 1952 saeculi
1038 1903 1193 1968 quinti
1220 1913 1362 1966 parte
1391 1902 1547 1951 altera
1576 1902 1880 1966 compositos

316 2002 442 2034 esse.
468 1985 702 2050 Suspicor
724 1986 870 2051 igitur
890 1983 1185 2050 Ἐριφιήματα
1201 1985 1420 2033 Thurina
1443 1985 1626 2034 eodem
1650 1995 1878 2049 tempore

314 2085 374 2117 ac
394 2068 622 2127 Thracia,
652 2067 860 2126 Graeca,
891 2068 1088 2117 Cretica
1101 2071 1136 2132 ²)
1169 2067 1509 2126 Bacchanalia,
1543 2068 1608 2116 ab
1626 2067 1878 2131 Aeschylo

314 2152 361 2200 in
411 2151 680 2211 Edonibus‚
732 2153 795 2200 ab
841 2151 1076 2215 Euripide
1121 2153 1167 2200 in
1214 2151 1416 2200 Bacchis
1462 2161 1513 2200 et
1556 2151 1878 2200 Cretensibus

314 2244 523 2293 cantata,
588 2234 841 2284 celebrata
901 2252 1028 2284 esse.
1086 2234 1355 2284 Thiasotae
1411 2234 1578 2283 Italiae
1635 2233 1877 2284 inferioris

313 2317 647 2383 Pythagoram
692 2318 870 2367 horum
916 2335 1164 2367 sacrorum
1211 2328 1402 2382 patrem
1449 2318 1730 2367 nominasse
1764 2334 1877 2367 eun·

313 2401 527 2465 demque
574 2401 757 2450 Cretae
799 2401 1042 2466 mysteriis
1086 2401 1326 2450 initiatum
1373 2410 1424 2450 et
1466 2405 1583 2461 λίθῳ
1609 2404 1820 2464 κεραυνίῳ
1841 2402 1875 2463 ⁸)

313 2485 560 2548 expiatum
612 2501 725 2533 esse
776 2485 1042 2534 credidisse
1086 2485 1331 2533 videntur.
1376 2484 1557 2534 Rohde
1600 2493 1768 2533 autem
1812 2484 1876 2533 de

366 2639 396 2692 1)
421 2638 730 2691 Inscriptionem
764 2638 965 2690 Sogliano,
999 2638 1128 2679 Notiz.
1164 2639 1204 2679 d.
1237 2637 1366 2689 Scavi,
1394 2652 1431 2679 a.
1463 2648 1578 2690 1905,
1606 2651 1649 2690 p.
1676 2639 1755 2690 378
1782 2650 1868 2690 seq.

311 2711 352 2744 et
392 2704 641 2757 Comparetti
680 2704 877 2750 (Ausonia
914 2705 947 2754 Ι,
988 2717 1025 2744 a.
1070 2704 1184 2755 1906,
1226 2717 1266 2755 p.
1308 2717 1355 2755 1³
1391 2716 1476 2755 seq.
1514 2705 1570 2754 et)
1615 2702 1872 2753 „Laminette

312 2768 502 2809 Orfiche”
546 2782 587 2822 p.
633 2780 789 2821 47—52
838 2768 1052 2810 ediderunt
1099 2769 1209 2818 (vide
1253 2769 1432 2810 tabulam
1481 2768 1784 2821 phototypicam
1830 2767 1873 2809 in

312 2833 577 2885 Comparettii
600 2834 729 2883 libro).
757 2836 805 2874 In
831 2834 965 2886 lapide
993 2841 1052 2874 est
1080 2836 1218 2872 ἐνταῦθα
1225 2849 1238 2885 3
1266 2835 1318 2875 cf.
1345 2834 1535 2886 Compar.
1562 2834 1615 2874 Π.
1642 2847 1683 2886 p.
1711 2834 1776 2882 48.

365 2898 395 2951 2)
421 2899 484 2939 Cf.
500 2899 655 2947 Strabo,
682 2900 709 2940 l.
725 2900 777 2950 X,
796 2899 896 2949 468:
915 2899 961 2937 τὰ
979 2905 1040 2937 τοῦ
1061 2899 1140 2943 Διὸς
1163 2899 1235 2953 ἱερὰ
1255 2899 1350 2943 ἰδίως
1369 2900 1552 2937 interluit-o
1571 2900 1643 2951 μετ’
1664 2899 1866 2951 ὀργιασμοὶ

364 2963 396 3014 ⁸)
422 2963 616 3016 Porphyr.
643 2965 693 3004 V.
708 2965 751 3005 P.
779 2977 816 3004 c.
848 2966 896 3003 16
924 2964 1032 3017 (vide
1060 2978 1182 3017 supra
1204 2977 1295 3016 cap.
1323 2965 1360 3003 V
1389 2969 1408 3013 5
1435 2965 1491 3016 3).
