2176 3450
1162 348 1222 405 76

407 481 656 529 hominum
708 481 799 529 sed
849 481 912 529 de
963 497 1126 530 rerum
1148 483 1180 544 1)
1226 481 1464 544 principio
1510 481 1605 530 hoc
1649 491 1967 546 praeceptum

407 575 496 612 est.
545 564 683 612 Nunc
728 574 892 612 autem
941 564 1005 612 ad
1051 563 1371 612 Harrisoniae
1417 574 1698 613 commenta
1731 575 1968 624 revertor,

408 664 537 711 quae
566 647 683 694 mihi
712 647 1061 711 redarguenda
1090 663 1203 695 esse
1232 646 1458 695 videntur
1486 647 1631 695 aliam
1661 647 1727 696 ob
1756 664 1967 697 causam.

407 730 696 778 Verendum
737 730 866 777 enim
909 739 986 777 est
1029 746 1092 777 ne
1133 728 1305 777 mulier
1345 729 1492 778 docta
1532 730 1579 778 in
1619 748 1664 778 v.
1705 746 1738 790 4
1778 741 1829 779 et
1863 744 1890 793 5
1926 747 1967 779 c.

406 813 596 877 mystici
613 828 667 851 =
686 826 710 874 5
733 823 783 860 et
801 815 830 859 6
851 829 891 861 c.
912 811 1144 876 supplicis
1169 812 1548 876 interpretandis
1571 813 1971 877 praecedentium

406 912 637 944 versuum
669 896 911 944 rationem
941 912 1040 943 non
1070 894 1310 945 habuerit.
1345 895 1484 960 Ergo
1509 896 1715 945 alteram
1738 896 1971 946 solemnis

406 978 673 1026 Inferorum
709 977 1031 1026 invocationis
1066 987 1260 1042 partem
1289 978 1334 1026 ei
1362 979 1409 1026 in
1439 987 1655 1027 mentem
1685 989 1970 1028 revocatam

405 1061 535 1118 volo,
588 1077 685 1124 qua
736 1077 834 1109 non
884 1060 1169 1109 Eubouleus
1214 1060 1372 1109 solum
1416 1062 1507 1110 sed
1551 1078 1724 1110 omnes
1766 1062 1844 1111 alii
1889 1062 1970 1112 dei

405 1143 711 1203 invocantur3
748 1154 1034 1192 erraverunt
1068 1143 1215 1208 igitur
1248 1144 1329 1208 qui
1363 1145 1722 1193 contenderunt
1750 1156 1972 1195 mortuos

405 1227 571 1275 dicere
600 1243 655 1275 se
679 1226 920 1275 Euboulei
945 1227 1049 1275 sive
1075 1227 1282 1291 Dionysi
1309 1227 1531 1291 corporis
1554 1228 1819 1293 participes
1842 1245 1969 1278 esse.

405 1309 718 1374 Quamquam
748 1310 946 1359 minime
976 1327 1056 1358 me
1086 1309 1209 1375 fugit
1233 1310 1383 1358 talem
1406 1311 1678 1359 doctrinam
1703 1311 1970 1376 Orphicam

405 1392 519 1441 olim
549 1392 713 1451 fuisse,
738 1392 973 1458 intellego
1002 1410 1112 1442 eam
1143 1393 1190 1440 in
1221 1393 1356 1442 Italia
1379 1393 1609 1443 inferiore
1632 1411 1731 1443 non
1756 1394 1972 1460 viguisse

406 1476 496 1524 sed
533 1475 781 1524 oblivione
815 1477 1043 1524 obrutam
1085 1493 1213 1525 esse.
1256 1477 1397 1525 Haec
1438 1477 1568 1525 enim
1608 1477 1867 1541 peculiaris
1907 1478 1972 1528 de

405 1559 686 1608 hominibus
725 1559 790 1607 ab
830 1559 1090 1607 Eubouleo
1131 1560 1387 1625 prognatis
1427 1561 1670 1609 sententia
1703 1560 1751 1608 in
1786 1561 1973 1610 circulis

405 1641 727 1707 Pythagoreis
763 1659 861 1690 non
896 1641 1072 1700 floruit,
1115 1643 1207 1690 sed
1246 1642 1492 1708 generalis
1532 1643 1610 1691 illa
1650 1659 1782 1707 quae
1821 1643 1972 1709 vulgo

405 1725 731 1790 Pythagoreis
778 1725 1038 1774 ascribitur
1083 1726 1130 1773 in
1172 1726 1365 1774 laminis
1405 1725 1637 1775 Thurinis
1677 1726 1876 1791 legitur;
1925 1727 1972 1775 in

405 1825 531 1872 quas
576 1807 829 1857 Ciceronis
874 1809 1029 1857 verba
1074 1809 1270 1867 cadunt,
1306 1826 1434 1874 quae
1470 1809 1713 1858 Catonem
1755 1809 1972 1859 locutum

407 1891 541 1939 facit:
565 1892 598 1955 2)
620 1891 934 1949 „Audiebam
953 1892 1291 1957 Pythagoram
1312 1880 1770 1957 Pythagoreosque‚
1789 1893 1974 1942 incolas

404 1991 566 2038 paene
612 1985 824 2032 nostros,
865 1975 947 2039 qui
994 1986 1162 2023 essent
1208 1975 1354 2023 Italici
1399 1975 1675 2039 philosophi
1718 1976 1972 2040 quondam

407 2057 654 2115 nominati,
697 2074 947 2122 nunquam
987 2058 1236 2106 dubitasse
1277 2058 1391 2122 quin
1435 2076 1496 2107 ex
1538 2059 1763 2107 universa
1804 2069 1971 2108 mente

406 2140 570 2188 divina
605 2140 851 2189 delibatos
881 2141 1071 2189 animos
1101 2141 1446 2189 haberemus’'.
1483 2140 1778 2190 Ciceronem
1805 2151 1973 2191 autem

408 2223 629 2272 Graecas
674 2223 841 2272 literas
885 2224 1058 2272 diurna
1102 2235 1153 2272 et
1204 2234 1440 2272 nocturna
1491 2241 1638 2273 manu
1689 2234 1973 2273 versantem

406 2301 517 2364 quis
562 2300 654 2349 hac
699 2302 746 2348 in
790 2317 844 2349 re
897 2301 1003 2349 falsi
1054 2318 1265 2366 arguere
1316 2302 1510 2365 potest?
1561 2302 1716 2350 Immo
1761 2301 1972 2351 laminae

475 2475 502 2523 l)
530 2475 576 2513 ln
606 2482 785 2514 mentem
813 2475 924 2514 venit
952 2475 1229 2526 agricolarum,
1257 2475 1327 2526 qui
1343 2475 1388 2512 τὰ
1402 2477 1601 2527 ἀστραπαῖα
1614 2482 1680 2512 τῶν
1696 2474 1830 2512 ὑδάτων
1845 2474 1971 2515 εὐαλδῆ

403 2540 545 2576 καλοῦσι
570 2541 626 2576 καὶ
653 2543 828 2591 νομίζουσι
857 2548 896 2579 et
923 2540 1124 2580 Plutarchi
1152 2541 1353 2580 sententia
1376 2540 1428 2578 ’ὁτι
1445 2546 1520 2583 ταῖς
1533 2541 1691 2592 βρονταῖς
1704 2541 1866 2583 πολλὸαις
1880 2540 1972 2593 ὕδωρ

405 2607 617 2642 συνεκπίπτει
643 2605 783 2655 γόνιμον
810 2618 934 2657 quam
963 2604 1119 2656 scripS1t
1138 2605 1432 2655 Quaestionum
1453 2605 1722 2644 convivalium
1739 2607 1785 2645 L.
1802 2606 1861 2644 IV
1873 2618 1910 2645 c.
1927 2618 1948 2644 2
1959 2619 1972 2655 ς

406 2669 513 2708 idem
554 2678 690 2710 autem
726 2679 860 2710 narrat
896 2674 947 2719 (c.
977 2675 1015 2721 3)
1056 2670 1259 2710 hominem
1287 2671 1522 2722 quemdam,
1550 2683 1674 2722 quem
1701 2671 1855 2710 fulmen
1882 2671 1973 2710 dor-

405 2734 598 2774 mientem
625 2737 918 2785 transvolasset‚
947 2736 1160 2775 accessisse
1187 2737 1239 2775 ad
1267 2736 1548 2787 philosophum
1576 2735 1886 2787 Pythagoricum
1920 2736 1971 2775 ab

407 2813 539 2850 eoque
553 2813 714 2840 causam
731 2801 986 2852 quaesivisse,
999 2801 1058 2838 τὸν
1073 2801 1113 2838 δὲ
1125 2803 1176 2838 κε)
1182 2804 1327 2839 εύσαντα
1340 2801 1412 2838 καθ’
1427 2801 1547 2838 ἑαυτὸν
1561 2801 1642 2853 ὀρᾶν
1656 2803 1711 2838 καὶ
1724 2803 1972 2853 προστύχεσθαι

407 2872 477 2908 τοῖς
504 2869 601 2908 θεοῖς.

474 2931 503 2978 5³)
530 2931 686 2980 Cicero,
709 2932 814 2971 Cato
838 2931 967 2971 Maior
990 2945 1024 2971 c.
1044 2945 1089 2971 21
1114 2934 1136 2981 ξ
1154 2933 1204 2981 78
1212 2946 1223 2981 5
1240 2932 1290 2971 cf.
1307 2931 1392 2972 Cic.
1414 2933 1476 2970 De
1490 2933 1645 2971 Natura
1659 2932 1837 2971 Deorum
1854 2931 1885 2980 1,
1903 2941 1971 2980 273

408 2995 540 3035 Ritter
568 3004 607 3036 et
634 2997 791 3046 Preller,
822 2997 998 3036 Historia
1025 2996 1302 3048 Philosophiae
1331 2997 1512 3036 Graecae
1540 3001 1558 3044 ξ
1589 3008 1652 3048 73.

2171 99 2176 116 .
