2176 3450
1130 438 1190 496 36

441 572 602 634 Quem
634 572 817 621 Laertii
846 571 1005 620 locum
1037 588 1133 619 non
1165 587 1584 635 supervacaneum
1610 588 1723 620 esse
1746 572 1938 621 videtur

375 656 438 704 ab
463 656 519 704 iis
550 655 822 703 defendere
852 655 932 718 qui
966 671 1077 702 eum
1108 653 1282 702 iniuria
1310 654 1680 702 damnaverunt.
1711 655 1938 704 Laertius

374 739 503 787 enim
551 738 682 785 vitae
729 736 1089 802 Pythagoricae
1136 736 1261 799 parti
1295 753 1446 800 quam
1480 736 1689 802 legimus
1720 738 1751 801 ἓ
1795 741 1937 801 25—36

373 821 468 870 hoc
513 820 846 869 testimonium
897 819 1172 883 praemisit:
1226 823 1335 880 φησὶ
1370 819 1421 866 δὲ
1454 818 1869 883 καὶὸἈλέξανδρος
1891 821 1938 868 ἐν

370 906 468 952 ταῖς
490 903 574 944 τῶν
597 893 851 960 φιλοσόφων
876 899 1113 953 διαδοχαῖς,
1137 899 1208 942 καὶ
1228 900 1365 943 ταῦτα
1375 894 1602 958 εὑρηκέναι
1621 896 1668 944 ἕν
1681 904 1937 960 Πυθαγορι-

371 989 462 1034 κοῖς
485 977 787 1041 ὑπομνήμασιν
831 980 881 1042 (ἓ
929 982 1014 1039 24)
1053 978 1127 1025 cui
1173 977 1298 1041 parti
1339 977 1465 1026 hunc
1500 978 1647 1027 finem
1682 979 1932 1043 imposuit:

371 1066 442 1110 καὶ
473 1068 609 1110 ταῦτα
632 1065 711 1120 μέν
736 1080 867 1123 φησιν
892 1061 916 1107 ὁ
939 1060 1230 1122 Ἀλέξανδρος
1263 1064 1308 1108 ἐν
1341 1069 1430 1115 τοῖς
1464 1069 1794 1124 Πυθαγορικοῖς
1828 1063 1936 1111 ὐπο-

368 1140 583 1204 μνῆμασιν
625 1138 865 1203 εὖρηκέναι·
908 1144 980 1188 καὶ
1021 1140 1074 1187 τοὶ
1105 1140 1279 1188 ἐκείνων
1316 1137 1500 1198 ἐχόμενα
1530 1141 1555 1188 ὁ
1590 1141 1896 1204 Ἀριστοτέλης
1909 1148 1936 1197 ¹)

371 1229 420 1291 (ἓ
455 1229 549 1290 36).
597 1226 733 1291 Ergo
780 1226 1005 1274 Laertius
1049 1242 1112 1274 ex
1159 1225 1428 1274 Alexandri
1469 1244 1623 1290 opere
1659 1244 1698 1275 c.
1719 1236 1753 1275 t.
1781 1231 1937 1275 αἰτῶν

369 1307 622 1372 φιλοσόφων
647 1313 843 1367 διαδοχαὶ
881 1310 1087 1373 sumpsit
1131 1326 1260 1373 quae
1308 1318 1358 1357 et
1404 1309 1509 1373 ipse
1555 1310 1843 1358 Alexander
1886 1310 1933 1358 in

370 1392 730 1440 commentariis
777 1392 1103 1457 Pythagoreis
1137 1409 1192 1440 se
1228 1392 1475 1441 invenisse
1509 1392 1734 1450 affirmat,
1771 1409 1933 1457 neque

369 1475 464 1523 ulla
483 1485 560 1523 est
578 1491 725 1523 causa
744 1491 827 1522 cur
847 1492 1013 1523 sumas
1047 1474 1382 1523 Alexandrum
1415 1475 1523 1524 illos
1553 1476 1934 1524 commentarios

369 1558 433 1606 de
468 1574 560 1606 suo
595 1556 808 1605 finxisse.
846 1557 989 1620 Quos
1023 1558 1191 1622 quanti
1221 1558 1480 1622 Diogenes
1509 1558 1733 1606 habuerit
1760 1558 1839 1608 vel
1872 1575 1933 1608 ex

369 1658 431 1689 eo
466 1641 684 1704 sequitur
719 1642 853 1704 quod
888 1641 962 1688 bis
992 1657 1081 1688 eos
1111 1641 1395 1689 nominatim
1436 1642 1606 1689 attulit.
1649 1641 1933 1690 Alexander

368 1734 532 1772 autem
567 1723 733 1772 Sullae
768 1734 932 1772 aetate
968 1723 1128 1771 floruit
1162 1733 1213 1771 et
1248 1724 1644 1783 commentarios,
1689 1725 1771 1789 qui
1817 1735 1931 1773 tunc

366 1807 605 1870 temporis
652 1807 695 1854 ei
747 1823 869 1868 prae
921 1807 1148 1855 manibus
1201 1807 1408 1862 fuerunt,
1461 1818 1538 1855 sat
1589 1807 1772 1872 antiqui
1811 1817 1930 1856 tem-

367 1890 501 1954 poris
537 1890 685 1938 fuisse
720 1890 870 1938 credo
905 1900 956 1938 et
991 1890 1204 1955 Aegidio
1241 1891 1474 1954 Menagio
1489 1893 1524 1954 ¹)
1570 1890 1805 1954 astipulor
1849 1891 1931 1955 qui

366 1974 571 2022 adnotat
622 1973 686 2021 ad
738 1973 898 2021 locum
953 1984 1198 2021 nostrum:
1255 1974 1444 2031 „minus
1495 1983 1631 2022 recte
1685 1973 1931 2022 Meursius

365 2057 412 2104 in
448 2057 575 2104 notis
610 2057 674 2104 ad
709 2056 1010 2104 Chalcidium
1046 2066 1102 2116 et,
1131 2056 1337 2104 Vossius
1371 2056 1494 2104 libro
1529 2057 1547 2104 Ι
1582 2057 1645 2105 de
1692 2057 1931 2105 historicis

366 2139 568 2187 Graecis
609 2140 769 2203 capite
814 2155 888 2196 22,
932 2139 1043 2187 huic
1077 2139 1367 2188 Alexandro
1403 2140 1805 2204 Hypomnemata
1838 2140 1930 2188 ista

364 2223 693 2287 Pythagorica
743 2223 1050 2282 tribuebant,
1103 2240 1204 2286 quo
1257 2223 1454 2270 nomine
1506 2233 1642 2271 recte
1693 2240 1724 2271 a
1761 2223 1929 2286 Jonsio

363 2306 802 2369 reprehenduntur,
837 2305 963 2353 libro
993 2305 1032 2353 Il
1064 2323 1169 2369 cap.
1203 2308 1259 2354 16
1278 2306 1342 2354 de
1362 2306 1679 2370 scriptoribus
1697 2306 1927 2355 historiae

361 2444 402 2481 p.
432 2432 557 2482 29566)
598 2431 732 2470 locum
769 2433 848 2482 Jes.
876 2432 975 2470 XIV
1007 2444 1053 2482 13
1097 2432 1267 2481 confert,
1294 2444 1417 2482 quem
1445 2431 1560 2470 LXX
1586 2438 1792 2471 verterunt
1818 2432 1928 2471 hunc

360 2495 403 2534 in
431 2496 624 2536 modum:
653 2498 713 2539 Εἰς
739 2496 799 2533 τὸν
828 2495 969 2549 οὐρανὸν
996 2497 1229 2547 ἀναβήσομαι,
1257 2497 1371 2534 ἐπάνω
1385 2503 1451 2534 τῶν
1468 2498 1618 2549 ἀστέρων
1635 2499 1727 2538 θήσω
1739 2496 1799 2534 τὸν
1811 2497 1928 2549 θρόνον

361 2576 426 2611 μου
443 2590 450 2597 .
468 2590 476 2598 .
497 2592 505 2601 .
534 2560 657 2611 ἔσομαι
684 2561 799 2612 ’ὅμοιος
825 2569 874 2612 τῷ
902 2562 1053 2611 Ὑψέα-τῳ
1068 2576 1079 2611 3
1109 2563 1185 2601 hoc
1213 2574 1362 2601 nomen
1392 2562 1503 2613 quod
1530 2561 1675 2613 legitur
1696 2561 1812 2601 Pind.
1829 2563 1880 2601 Ν.
1894 2563 1926 2612 1,

361 2627 430 2676 603
459 2628 528 2676 XI,
559 2640 601 2677 23
630 2628 775 2666 Aesch.
804 2629 976 2666 Eumen.
999 2628 1067 2677 283
1082 2628 1203 2678 Soph.
1218 2627 1317 2667 Phil.
1338 2629 1452 2678 1289,
1467 2627 1644 2666 Graecos
1661 2628 1713 2666 ab
1729 2626 1927 2667 Hebraeis

360 2690 434 2730 sibi
459 2691 645 2731 ascivisse
671 2705 754 2732 non
782 2693 866 2732 veri
893 2692 1020 2731 simile
1047 2700 1118 2742 est,
1147 2692 1224 2732 nisi
1251 2694 1352 2732 forte
1379 2692 1508 2732 credis
1534 2692 1614 2731 iam
1642 2700 1738 2732 ante
1764 2692 1926 2732 Pindari

358 2757 628 2808 Aeschylique
655 2765 829 2797 aetatem
855 2758 1097 2797 Iudaeorum
1125 2770 1187 2797 res
1214 2771 1345 2797 sacras
1373 2757 1537 2797 Graecis
1564 2757 1799 2797 innotuisse.

429 2822 458 2870 1)
486 2826 506 2869 5
523 2835 574 2872 34
589 2822 821 2861 Aristoteles
835 2824 910 2875 περὶ
925 2830 992 2860 τῶν
1005 2826 1141 2872 κυάμων
1158 2822 1316 2862 citatur.
1331 2824 1486 2862 Eodem
1502 2823 1731 2862 Alexandro
1745 2821 1927 2862 Laertius

359 2894 550 2936 quattuor
577 2886 661 2926 aliis
688 2887 784 2927 locis
813 2901 908 2927 usus
937 2896 1009 2937 est,
1039 2888 1107 2927 ubi
1135 2888 1231 2927 nihil
1259 2887 1335 2927 nisi
1364 2889 1423 2936 ,,ἐν
1450 2887 1660 2939 διαδοχαῖς”
1686 2889 1710 2927 l.
1734 2890 1772 2927 11
1800 2901 1847 2938 19
1872 2887 1924 2927 de

358 2951 533 3001 Socrate,
574 2953 611 2991 11
644 2953 717 2991 106
746 2953 797 2992 de
824 2952 1003 3002 Euclide,
1044 2954 1103 2992 ΙΙΙ
1131 2966 1155 3004 3
1184 2952 1236 2992 de
1263 2953 1445 3002 Platone,
1483 2954 1543 2992 IX
1571 2954 1619 2992 61
1652 2953 1704 2992 de
1732 2953 1924 3004 Pyrrone.

425 3016 454 3066 2)
496 3017 655 3068 Aegidii
695 3018 877 3069 Menagii
918 3018 959 3057 in
1001 3018 1227 3069 Diogenem
1274 3018 1478 3057 Laertium
1527 3018 1838 3058 Observationes
1883 3025 1924 3058 et

358 3081 673 3132 emendationes,
709 3083 1012 3132 Amstelodami‚
1041 3084 1374 3133 CIDIDCVIHC,
1402 3084 1452 3122 ad
1483 3088 1502 3131 ξ
1532 3085 1594 3134 36.
