2176 3450
966 437 1026 484 33

216 559 330 624 quia
356 575 530 623 pamm
557 559 759 623 expedit
789 558 839 606 id
867 558 1001 623 quod
1029 557 1249 623 plerique
1274 557 1452 607 faciunt
1471 557 1781 622 interpretari

215 641 465 701 Inclutum‚
527 642 669 706 coepi
721 641 925 706 adsequi
976 641 1149 689 ductus
1199 651 1250 690 et
1301 641 1596 706 cognomine
1647 641 1781 705 quod

215 724 414 773 inferius
454 725 499 773 ei
540 724 589 773 in
630 724 770 773 titulo
804 723 884 773 illo
918 724 1216 772 adtributum
1251 733 1329 772 est
1362 723 1539 772 Eukh'is
1571 726 1780 788 pateres,

216 817 268 856 et
312 807 501 865 ordine,
543 808 774 872 quoniam
809 824 960 872 supra
996 807 1248 871 proximus
1283 823 1312 856 a
1348 806 1536 855 Cerere
1571 807 1782 856 cernitur

214 890 500 939 coniunctus
545 890 956 955 praepositusque
1002 890 1131 938 deae
1181 907 1331 955 quam
1382 890 1632 939 Samnites
1683 907 1779 939 non

215 974 368 1022 modo
416 972 625 1038 frugum,
668 991 726 1023 ac
760 973 950 1032 florum,
986 985 1038 1021 ut
1072 973 1205 1022 idem
1240 973 1318 1022 ille
1353 973 1517 1022 titulus
1549 973 1780 1031 ostendit,

214 1056 306 1105 sed
342 1057 489 1105 etiam
525 1057 699 1105 mortis
733 1058 1115 1122 umbrarumque
1142 1067 1399 1121 potentem
1428 1057 1695 1115 habebant,
1727 1067 1782 1106 ut

214 1140 603 1204 comprobarunt
635 1140 773 1188 dirae
807 1139 1011 1204 plumbo
1046 1140 1312 1204 inscriptae
1348 1156 1378 1188 a
1414 1139 1608 1189 Vibio’'.
1645 1140 1780 1189 Idem

213 1239 262 1286 p.
282 1237 395 1285 333:
419 1223 734 1288 „ignoramus
752 1223 967 1288 quidem,
986 1223 1220 1287 quoniam
1234 1222 1414 1271 Eucles
1432 1233 1482 1271 et
1497 1222 1781 1272 Eubouleus

214 1305 261 1354 in
296 1305 369 1353 his
402 1306 731 1354 monumentis
767 1305 886 1367 (scil.
922 1306 1112 1354 laminis
1152 1306 1334 1369 aureis)
1382 1316 1634 1370 tamquam
1681 1307 1780 1355 duo

214 1403 272 1437 ac
301 1388 499 1438 diversa
528 1389 725 1438 numina
756 1389 1148 1454 appellantur—
1166 1399 1338 1437 contra
1356 1389 1403 1437 in
1422 1389 1781 1439 Eleusiniorum

213 1470 398 1535 hymno
415 1470 770 1534 Πολυσημάντωρ
785 1475 1078 1531 Πολυδέγμων
1097 1489 1220 1520 unus
1238 1472 1403 1536 prodit
1424 1472 1592 1535 Κρόνου
1607 1478 1781 1523 Troiam!-

212 1574 344 1612 νυμος
366 1552 461 1609 υἱός
496 1583 563 1590 —-
589 1554 705 1619 quid
729 1554 857 1603 inter
875 1572 964 1604 eos
982 1555 1185 1603 fecerint
1202 1555 1502 1614 discriminis,
1520 1557 1611 1605 sed
1629 1557 1782 1622 liquet

213 1637 340 1686 hunc
362 1655 460 1686 non
486 1639 643 1686 minus
672 1655 821 1702 quam
852 1638 985 1687 illum
1014 1638 1060 1687 in
1090 1655 1273 1703 magna
1303 1638 1514 1688 Graecia
1542 1641 1780 1689 creditum

214 1737 327 1770 esse
367 1721 590 1770 habitare
630 1722 779 1770 sedes
819 1722 1035 1771 infernas
1074 1732 1126 1770 et
1164 1721 1418 1771 recludere
1464 1723 1656 1772 ianuam
1697 1725 1780 1774 leti

213 1803 376 1870 itaque
395 1805 605 1853 eandem
624 1815 925 1869 potestatem
946 1806 1052 1854 sine
1070 1805 1253 1853 erroris
1276 1805 1492 1870 periculo
1517 1807 1780 1873 adsignare

212 1885 327 1935 licet
371 1887 562 1936 adscito
608 1905 670 1936 ex
714 1887 806 1936 illis
849 1889 949 1937 oris
985 1889 1050 1937 ab
1085 1887 1388 1937 Samnitibus
1423 1889 1521 1938 deo
1555 1891 1778 1940 Euk101“.

213 1969 357 2032 Quae
402 1971 534 2019 docti
579 1971 864 2036 interpretis
910 1971 1158 2020 conclusio
1204 1988 1381 2020 vereor
1415 1989 1478 2020 ne
1513 1990 1668 2037 prava
1702 1975 1778 2023 sit.

215 2051 354 2102 Deus
396 2054 526 2102 enim
571 2055 651 2119 qui
697 2054 743 2103 in
789 2054 951 2103 aureis
1001 2054 1190 2103 laminis
1240 2055 1493 2104 invocatur
1543 2074 1666 2105 unus
1718 2075 1780 2107 ex

212 2134 484 2185 inferorum
520 2154 725 2187 numero
760 2148 851 2194 est,
891 2138 982 2187 sed
1028 2138 1069 2187 is
1115 2138 1248 2187 cuius
1293 2156 1473 2187 nomen
1521 2139 1566 2188 in
1611 2141 1780 2191 tabula

214 2217 350 2268 Osca
377 2219 566 2285 legitur,
597 2220 724 2269 inter
752 2238 840 2270 eos
856 2223 889 2285 ¹)
920 2231 998 2269 est
1025 2221 1204 2286 quibus
1234 2221 1315 2284 (A.
1349 2224 1448 2285 2o):
1481 2223 1776 2274 sruusasiais.

214 2318 281 2351 az.
330 2303 520 2351 hurtum
563 2304 832 2362 sakarater,
868 2305 1003 2368 quod
1040 2305 1318 2354 Mommsen
1353 2306 1498 2354 vertit
1534 2311 1599 2371 (p.
1644 2309 1775 2371 128):

215 2385 476 2445 „Florariis
505 2387 694 2436 deabus
722 2398 837 2436 ante
866 2386 1031 2436 villam
1062 2405 1144 2437 res
1173 2405 1314 2437 sacra
1342 2388 1423 2437 fit”
1451 2400 1501 2437 et
1518 2389 1776 2440 Zuetaieff:

269 2517 298 2568 1)
338 2517 502 2569 Legitur
535 2517 578 2558 in
607 2518 743 2558 tabula
771 2519 879 2558 Osca
1208 2519 1407 2559 Zuetaieff
1429 2520 1567 2561 vertit:

317 2582 531 2632 (Zuetaieff
552 2584 578 2624 l.
604 2584 670 2624 LA
699 2597 750 2623 20
776 2591 865 2636 seq)

214 2657 455 2700 fruusasiars.
481 2672 540 2700 az.
558 2660 722 2700 hunum
742 2661 944 2701 sakarater
1050 2660 1270 2700 Floralibus
1301 2662 1353 2700 ad
1382 2663 1577 2714 templum
1601 2672 1778 2704 sacratur

213 2726 366 2775 pernas.
394 2724 566 2765 kerrfiaL
593 2726 716 2766 statis.
1053 2726 1233 2766 Praestiti
1260 2727 1403 2766 cereali
1431 2727 1563 2768 statio.

213 2790 362 2828 amnui.
464 2820 489 2839 ,‚
648 2821 673 2840 „
1049 2791 1169 2831 Matri

215 2853 372 2895 fluum⁴
465 2885 490 2904 ,‚
652 2886 678 2905 „
1051 2857 1191 2896 Florae
1313 2887 1338 2906 „

215 2918 363 2959 eukmi.
399 2922 541 2971 pateri.
648 2951 673 2970 „
1047 2922 1207 2962 Incluto
1274 2922 1376 2974 patri

268 3007 319 3047 cs.
360 3008 589 3049 Mommsen
632 3022 672 3061 p.
718 3010 813 3050 128:
856 3009 1064 3059 „Florariis
1091 3011 1245 3051 deabus
1273 3019 1368 3051 ante
1395 3010 1548 3064 vinam]
1576 3025 1637 3052 res
1666 2997 1778 3053 sacra

215 3071 277 3125 fitl
303 3072 384 3113 Pali
411 3073 557 3125 geniali
585 3074 745 3127 stativel
773 3075 895 3115 Amni
924 3089 964 3127 g.
992 3075 1059 3128 st]
1087 3076 1227 3116 Florae
1253 3089 1293 3128 g.
1322 3077 1390 3129 ει]
1418 3076 1563 3118 Libero
1582 3077 1684 3129 patri
1702 3078 1777 3118 st.''

1674 3161 1695 3199 ³
