2176 3450
1038 355 1129 401 149

295 475 566 542 ἐριφιήματα
611 477 678 526 ad
723 477 882 542 ipsum
928 476 1262 542 Pythagoram
1302 476 1489 526 referre
1523 477 1863 526 inconcinnum

295 560 506 610 videtur.
556 559 993 625 Philosophissimo
1037 560 1169 609 enim
1216 560 1400 608 homini
1446 560 1512 609 ad
1555 560 1704 609 vitam
1751 578 1864 609 con-

296 643 635 708 templativam
692 643 910 708 proniori
970 643 1087 692 talia
1149 643 1290 708 orgia
1351 643 1597 708 imputare
1661 660 1866 708 prorsus

297 727 565 775 inauditum
600 737 690 775 est.
726 727 884 775 Recte
913 726 1083 775 Maass
1105 726 1320 775 distinxit
1329 728 1362 790 1)
1381 743 1472 775 eos
1488 726 1571 791 qui
1586 726 1864 791 Dionysum

296 809 344 858 ἐν
378 815 481 871 οἴνῳ
518 813 590 858 καὶ
621 814 742 871 μέθῃ
783 810 847 859 ab
899 810 954 858 iis
1004 810 1085 874 qui
1128 809 1410 875 Apollinem
1447 810 1555 868 μεθ’
1588 809 1769 869 τῗσιιχίας
1793 813 1866 857 καὶ

295 889 464 952 τάξεως
501 891 770 941 coluerunt.
813 892 976 956 Quam
1017 893 1084 941 ob
1123 909 1322 942 causam
1346 892 1637 942 sumendum
1657 902 1734 941 est
1751 902 1867 957 post

297 975 614 1041 Pythagorae
661 986 876 1025 aetatem
926 977 1111 1039 Ἐρίφου
1161 976 1342 1025 cultum
1393 975 1769 1025 Bacchanalium
1819 976 1865 1024 in

299 1058 509 1108 formam
544 1060 799 1108 redactum
834 1077 959 1108 esse.
977 1061 1011 1123 ⁸)

363 1142 464 1190 Iam
483 1152 687 1207 rogatur
704 1143 903 1207 quando
923 1142 970 1190 id
988 1143 1050 1191 sit
1069 1142 1264 1192 factum.
1279 1142 1592 1192 Meminimus
1605 1141 1867 1207 Sophoclis

297 1235 463 1274 aetate
474 1231 508 1286 ⁸)
521 1225 749 1274 omnibus
766 1236 939 1274 notum
958 1225 1106 1274 fuisse
1125 1226 1273 1274 deum
1285 1226 1587 1275 celebratum
1601 1226 1868 1280 Ἐλευσινίας

296 1313 441 1370 Δῃοῦς
459 1308 505 1356 ἐν
523 1306 702 1364 κόλποις
718 1308 867 1357 etiam
886 1318 1026 1357 trans
1045 1325 1182 1357 mare
1203 1309 1359 1357 κλυτάν
1373 1309 1562 1358 Ἰταλίαν
1579 1308 1863 1358 obtinuisse.

296 1391 348 1440 In
395 1390 488 1440 hac
532 1401 697 1440 autem
743 1392 949 1456 regione
993 1391 1161 1440 Thurii
1205 1408 1335 1441 anno
1379 1407 1477 1454 444
1516 1391 1700 1441 conditi
1735 1401 1863 1450 sunt,

297 1492 398 1540 quo
449 1475 496 1524 in
549 1475 737 1539 oppido
789 1474 1033 1524 Bacchum
1080 1485 1209 1545 tunc,
1241 1476 1480 1540 temporis
1524 1475 1706 1524 cultum
1752 1492 1866 1524 esse

296 1558 550 1608 Dieterich
563 1561 599 1623 ⁴)
631 1575 694 1608 ex
722 1575 785 1607 eo
814 1558 1049 1608 conclusit
1076 1559 1211 1623 quod
1240 1576 1338 1607 una
1367 1559 1535 1624 oppidi
1560 1576 1678 1624 pars
1700 1559 1865 1608 statim

296 1645 530 1698 Διονυσίοις
564 1642 874 1692 vocitaretur.

354 1750 384 1797 1)
414 1752 560 1800 Maass,
588 1751 707 1803 l.l.p.
743 1751 927 1802 163-164.

352 1810 385 1860 ¹)
413 1809 615 1851 Credibile
642 1818 778 1850 autem
808 1818 867 1850 est
901 1810 1171 1862 Pythagoram
1206 1810 1339 1862 ipsum
1374 1809 1486 1862 ἔριφον
1522 1809 1672 1849 animal
1707 1821 1866 1848 sacrum

297 1869 484 1911 habuisse
510 1877 552 1910 et
578 1869 817 1910 immolasse.
846 1869 952 1910 Vide
974 1882 1096 1921 supra
1122 1882 1212 1922 cap.
1242 1870 1279 1907 V
1306 1874 1327 1918 9
1356 1880 1392 1921 5,
1421 1870 1460 1909 D
1483 1877 1524 1909 et
1540 1869 1592 1909 cf.
1611 1869 1722 1908 locus
1741 1880 1867 1920 quem

297 1929 564 1982 Septuaginta
603 1929 713 1969 hunc
752 1928 793 1968 in
836 1929 1004 1969 modum
1044 1937 1272 1970 verterunt:
1301 1931 1369 1980 οὐχ
1396 1930 1529 1979 ἑψήσας
1546 1928 1635 1982 ἄρνα
1662 1930 1695 1966 ἐν
1722 1929 1868 1979 γάλακτι

297 1989 424 2043 μητρὸς
458 1991 565 2028 αὐτοῦ
606 1989 752 2039 (Exod.
780 2002 817 2029 c.
848 2002 896 2041 23
926 1994 946 2037 ς
978 2002 1024 2041 19
1052 2003 1107 2027 =
1133 2002 1168 2028 c.
1199 2001 1250 2040 34
1277 1993 1298 2038 5
1328 1989 1378 2028 26
1406 2003 1461 2026 =
1486 1989 1709 2028 Deuteron.
1749 2001 1786 2028 c.
1818 1999 1867 2036 14

297 2055 318 2100 ς
347 2050 415 2102 21)
441 2062 565 2102 quem
593 2049 784 2101 Spencer,
812 2049 865 2088 de
890 2048 1046 2100 legibus
1075 2048 1352 2088 Hebraeorum
1382 2047 1590 2088 ritualibus
1617 2060 1658 2100 p.
1678 2060 1867 2099 333·342,

297 2110 354 2151 ita
393 2109 679 2161 interpretatur
720 2115 765 2148 ut
805 2108 1074 2148 demonstret:
1115 2108 1289 2157 „Deum,
1326 2107 1402 2147 hac
1437 2107 1479 2147 in
1516 2108 1617 2159 lege,
1653 2106 1868 2146 Zabiorum

297 2169 419 2210 ritum
438 2168 612 2221 aliquem
632 2167 836 2219 magicum
854 2175 895 2208 et
916 2166 1182 2208 idiolatricum
1198 2166 1391 2214 vetuisse;
1410 2166 1530 2207 hoedi
1548 2165 1868 2206 immolationem

298 2236 339 2269 et
365 2227 655 2268 comestionem
683 2227 783 2267 ritus
808 2226 912 2267 illius
940 2234 1095 2279 partem
1124 2227 1232 2266 haud
1260 2226 1448 2278 exiguam
1477 2225 1694 2275 exstitisse5
1723 2225 1866 2265 Zabios

298 2287 459 2328 residua
483 2286 597 2327 lactis
623 2286 680 2327 ita
706 2286 813 2326 cocti
840 2294 953 2339 parte
979 2287 1140 2326 arbores
1164 2294 1206 2326 et
1231 2298 1349 2338 agros
1377 2298 1517 2326 eorum
1552 2285 1779 2337 aspersisse,
1814 2284 1869 2324 ad

298 2347 575 2388 fertitilitatem
602 2346 898 2396 inducendum
934 2346 1056 2386 ritum
1083 2345 1195 2385 illum
1222 2345 1440 2398 praecipue
1467 2353 1560 2397 post
1587 2344 1868 2384 collectionem

299 2408 461 2459 frugum
490 2406 680 2447 usitatum
710 2405 869 2446 fuisse.”
896 2404 1088 2458 Spenceri
1109 2404 1387 2457 interpretatio
1405 2404 1490 2444 aliis
1507 2404 1658 2456 placuit
1680 2404 1749 2454 (es.
1767 2403 1871 2444 Oort

301 2468 387 2506 Het
404 2466 525 2506 Oude
539 2467 791 2515 Testament,
810 2466 828 2505 1
849 2479 887 2518 p.
909 2470 1014 2516 194),
1031 2465 1096 2505 alii
1114 2465 1334 2518 opinantur
1354 2465 1604 2517 Spencerum
1624 2462 1869 2504 sententiam

298 2525 549 2578 argumentis
577 2537 659 2565 non
696 2525 888 2573 probasse
927 2526 996 2575 (cf.
1036 2525 1233 2575 Reinach‚
1275 2526 1417 2564 Revue
1456 2523 1641 2563 Archeol.
1687 2522 1868 2563 XXXIX

299 2599 341 2638 p.
378 2584 584 2636 ιιι-ιη).
621 2585 712 2625 Vox
747 2584 934 2624 hebraica
971 2597 1095 2637 quam
1130 2585 1246 2625 LXX
1282 2590 1488 2624 verterunt
1524 2580 1626 2635 ἄρνα,
1671 2581 1871 2634 significat

301 2644 414 2698 ἴρῳον
440 2645 607 2698 (bokJe).

354 2704 385 2752 ⁸)
410 2704 596 2756 Sophocl.
624 2702 819 2755 Antigon.
848 2716 885 2743 v.
918 2715 1016 2755 ¹¹15
1045 2716 1131 2756 aeq.

355 2767 385 2813 ⁴)
413 2763 629 2811 Dieterich‚
671 2763 735 2802 Kl.
777 2763 889 2803 Schr.
923 2775 961 2815 p.
991 2764 1079 2813 9¹¹5
1115 2764 1168 2803 cf.
1196 2761 1362 2803 Photius
1388 2774 1419 2801 s.
1448 2773 1487 2801 v.
1513 2763 1786 2813 Θουριομάντεις·
1809 2759 1870 2799 τὴν

299 2823 346 2866 εἰς
388 2823 536 2875 Σύβαριν
575 2825 735 2861 ἀποικίαν
778 2823 811 2860 οἱ
850 2821 912 2873 μὲν
953 2825 1123 2873 Λάμπωνι
1163 2823 1392 2871 ἀνατιθέασιν,
1419 2821 1452 2859 οἱ
1478 2820 1519 2858 δὲ
1547 2822 1745 2874 Ξενοκρίτου,
1773 2820 1804 2858 οἱ
1830 2818 1871 2857 δᾶ

299 2881 464 2920 Χαλκιδεῖ
500 2884 678 2933 Διονυσίῳ,
714 2882 747 2919 οἱ
781 2880 822 2919 δᾶ
857 2883 1006 2934 ιαθαρίῳ
1041 2882 1234 2932 (Lobeck,
1256 2881 1455 2933 Aglaoph.
1484 2893 1525 2932 p.
1554 2881 1633 2930 980
1647 2893 1670 2919 e
1699 2878 1872 2920 restituit

301 2943 486 2995 ιωθάρνῳ)
518 2948 568 2992 τῷ
595 2945 743 2981 Λάκωνι.
771 2941 891 2981 Adde
925 2941 1037 2994 quod
1069 2954 1095 2982 a
1129 2939 1321 2981 Thurinis
1358 2943 1518 2992 Δημήτηρ
1554 2941 1686 2992 Θουρία
1721 2938 1870 2992 (Schol.

302 3002 504 3053 Lykophr.
523 3006 613 3053 153)
635 3001 854 3041 colebatur.
