2176 3450
973 910 1242 958 CAPUT
1276 910 1355 958 VI.

522 1178 775 1224 Carminis
806 1177 1050 1233 supplicis
1080 1181 1135 1221 et
1162 1176 1370 1235 mystici
1401 1177 1716 1233 comparatIo
1746 1177 1810 1222 ad

915 1271 1071 1316 finem
1103 1271 1414 1327 perducitur.

450 1433 613 1497 Supra
634 1434 667 1493 1)
719 1433 783 1480 de
833 1432 1120 1480 laminarum
1165 1431 1495 1496 discrepantia
1541 1443 1592 1480 et
1635 1432 1946 1482 similitudine

386 1517 576 1582 egimus
628 1525 679 1564 et
728 1515 1172 1563 demonstravimus
1223 1515 1421 1579 quidem
1472 1532 1647 1564 omnes
1697 1514 1948 1564 Thurinos

384 1599 655 1648 eorundem
700 1599 1045 1663 mysteriorum
1081 1598 1344 1662 participes
1380 1597 1545 1657 fuisse,
1596 1599 1688 1647 sed
1734 1598 1944 1664 quaesti-

384 1700 530 1731 onem
581 1682 776 1730 solvere
829 1698 926 1730 non
977 1682 1238 1745 potuimus,
1291 1682 1373 1746 qui
1419 1681 1598 1730 factum
1645 1682 1706 1730 sit
1738 1692 1791 1730 ut
1823 1698 1948 1731 unus

384 1776 606 1814 mortuus
644 1765 784 1829 quasi
820 1765 975 1812 victor
1010 1765 1179 1813 mortis
1214 1764 1360 1812 limen
1395 1765 1675 1830 transgredi
1709 1765 1946 1823 videatur,

385 1848 508 1897 alter
551 1847 756 1912 supplex
798 1848 1143 1912 Proserpinam
1190 1849 1352 1896 adeat.
1400 1848 1786 1897 Observavimus
1820 1848 1947 1898 hanc

384 1931 763 1995 discrepantiam
798 1948 963 1995 neque
997 1931 1142 1980 variis
1176 1931 1481 1995 temporibus
1509 1931 1680 1980 deberi
1708 1931 1946 1992 (eiusdem

384 2015 515 2062 enim
550 2014 653 2062 fere
691 2015 929 2078 temporis
974 2015 1190 2063 carmina
1235 2017 1363 2078 sunt)
1409 2031 1572 2078 neque
1617 2015 1781 2063 varias
1822 2031 1947 2064 mor-

383 2107 579 2146 tuorum
625 2114 740 2160 spes
786 2098 929 2145 variis
976 2097 1209 2146 nascendi
1249 2098 1606 2146 conditionibus
1641 2098 1947 2162 respondere

385 2182 579 2244 (omnes
613 2181 740 2228 enim
776 2180 840 2229 ad
875 2182 1007 2229 vitae
1035 2181 1278 2230 terrestris
1307 2181 1457 2229 finem
1487 2198 1543 2229 se
1572 2183 1770 2230 venisse
1797 2181 1947 2230 credi-

385 2263 578 2323 derunt)
614 2280 777 2327 neque
811 2264 945 2311 varia
979 2264 1197 2312 carmina
1231 2264 1296 2312 ad
1329 2263 1555 2312 homines
1590 2265 1750 2313 varias
1784 2274 1948 2313 sectas

384 2356 579 2394 secutos
615 2346 874 2394 referenda
908 2363 1038 2395 esse.

450 2428 552 2476 Iam
602 2445 739 2486 vero,
791 2446 902 2477 cum
953 2430 1118 2478 omnia
1169 2430 1311 2478 nobis
1358 2439 1558 2494 praesto
1603 2430 1699 2478 sint
1742 2447 1871 2496 quae
1916 2447 1947 2479 e

386 2510 604 2576 diligenti
663 2512 928 2559 carminum
986 2513 1396 2577 interpretatione
1452 2512 1674 2562 concludi
1723 2522 1945 2577 possunt,

385 2593 550 2641 denuo
584 2594 679 2642 hoc
713 2595 945 2660 aenigma
979 2596 1174 2644 solvere
1209 2595 1375 2645 conari
1411 2606 1462 2644 et
1506 2596 1774 2644 carminum
1817 2612 1946 2645 com-

385 2677 690 2739 parationem
736 2677 802 2725 ad
847 2677 999 2726 finem
1045 2678 1318 2743 perducere
1358 2678 1599 2738 volumus,
1636 2687 1688 2726 ut
1720 2695 1782 2727 ea
1816 2695 1947 2743 quae

386 2759 432 2806 in
467 2775 521 2806 re
555 2759 777 2823 dispersa
811 2777 924 2808 esse
965 2761 1223 2811 videantur
1266 2762 1459 2811 ratione
1504 2772 1556 2812 et
1601 2762 1946 2811 distributione

386 2841 477 2888 sub
512 2858 610 2890 uno
644 2853 846 2906 aspectu
881 2854 1144 2907 ponantur.

455 2993 482 3036 ¹)
511 2995 615 3034 Vide
641 3008 729 3046 cap.
757 2996 829 3035 ΠΙ.
