2176 3450
1120 347 1208 387 120

382 479 598 527 Reinach
633 478 877 542 opinatur,
914 476 1047 540 quod
1082 475 1300 539 Orphica
1329 473 1495 523 Italiae
1530 474 1767 522 inferioris
1801 490 1942 523 sacra

379 572 430 609 et
475 561 737 625 Baptarum
782 570 919 608 secta
970 575 1031 607 ex
1083 558 1261 606 eadem
1313 557 1520 622 regione
1572 556 1778 605 oriunda
1829 573 1940 606 esse

380 645 652 701 videantur,
675 647 708 706 l)
748 653 914 690 tamen
956 641 1252 689 reiciendam
1292 657 1406 688 esse
1442 649 1630 698 censet,
1665 657 1774 688 cum
1808 639 1941 689 credi

381 744 477 775 non
503 727 659 791 possit
687 723 1087 789 Orpheotelestis
1112 733 1190 771 sat
1212 722 1352 771 lactis
1380 723 1675 787 ubicumque
1701 733 1940 772 terrarum

380 810 725 874 suppeditasse
765 809 810 855 in
852 807 1110 871 baptisma.
1153 805 1286 864 „Car
1327 807 1391 854 οὺ
1432 805 1561 854 donc
1600 805 1674 854 les
1717 805 1941 871 Orpheo-

379 893 583 942 telestes
612 890 907 940 auraient-ils
936 889 1108 938 trouve
1136 906 1275 937 assez
1301 888 1366 937 de
1392 888 1477 936 lait
1502 904 1629 952 pour
1654 905 1717 938 en
1742 887 1942 953 remplir

380 975 470 1024 des
503 975 693 1023 bassins
733 973 856 1022 dans
896 972 1110 1036 lesquels
1150 972 1372 1020 auraient
1412 971 1596 1037 plonge
1634 971 1709 1020 les
1748 971 1942 1020 initiesi’

380 1058 460 1107 On
496 1075 620 1106 nous
656 1057 809 1121 parle,
845 1057 875 1103 il
909 1067 985 1104 est
1017 1055 1135 1114 vrai,
1169 1056 1260 1103 des
1293 1055 1597 1104 Bacchantes
1630 1055 1712 1120 qui
1747 1055 1943 1119 puisent

380 1143 445 1189 du
490 1141 602 1189 miei
646 1151 697 1188 et
742 1141 808 1187 du
853 1139 938 1187 lait
982 1139 1105 1187 dans
1149 1138 1222 1186 les
1267 1138 1467 1196 fleuves,
1513 1138 1604 1187 des
1647 1137 1837 1203 plaines
1876 1139 1942 1188 οὺ

379 1224 575 1273 coulent
602 1223 649 1271 le
676 1223 776 1279 lait,
805 1222 851 1270 le
879 1222 958 1270 vin
988 1232 1039 1270 et
1066 1221 1112 1269 le
1142 1221 1256 1270 miel
1285 1238 1383 1269 aux
1416 1221 1559 1285 pieds
1592 1222 1656 1269 de
1691 1221 1944 1285 Dionysos

379 1308 462 1371 qui
504 1323 559 1355 se
599 1323 778 1370 repose
818 1307 965 1369 apres
1004 1305 1052 1353 la
1091 1304 1283 1353 chasse.
1326 1303 1453 1352 Mais
1486 1304 1527 1352 si
1563 1321 1647 1352 ces
1681 1320 1940 1369 passages,

379 1401 430 1438 et
469 1390 686 1437 d’autres
725 1406 907 1437 encore
927 1390 961 1451 2)
1002 1389 1253 1453 indiquent
1294 1405 1393 1452 que
1433 1387 1479 1436 le
1519 1387 1620 1446 lait,
1660 1403 1855 1436 comme
1896 1386 1943 1436 le

378 1474 474 1530 vin,
515 1473 632 1521 etait
670 1472 717 1520 la
757 1471 945 1536 liqueur
985 1474 1153 1520 sacree
1193 1472 1258 1518 du
1298 1471 1460 1519 thiase
1501 1471 1843 1534 dionysiaque,
1885 1469 1943 1519 ils

381 1573 444 1604 ne
485 1573 609 1604 nous
649 1555 923 1603 autorisent
964 1571 1055 1618 pas
1095 1556 1125 1602 a
1166 1571 1290 1603 nous
1335 1553 1521 1619 figuret
1570 1553 1787 1618 quelque
1831 1563 1943 1618 part

378 1657 444 1687 un
472 1639 574 1686 vrai
602 1638 776 1695 fleuve,
807 1655 870 1685 un
899 1638 1005 1685 vrai
1032 1637 1107 1685 lac
1137 1637 1199 1685 de
1225 1637 1310 1686 lait
1339 1638 1402 1685 οὺ
1430 1654 1486 1685 se
1521 1637 1670 1685 serait
1702 1636 1943 1701 accompli

378 1722 692 1786 lebapteme
726 1720 1014 1784 orphique.’'
1049 1719 1213 1782 Quam
1249 1721 1316 1769 ob
1351 1737 1551 1768 causam
1595 1720 1655 1768 R.
1692 1720 1740 1768 in
1776 1730 1944 1769 nostra

384 1805 590 1853 formula
625 1805 688 1852 de
730 1803 1126 1868 regenerationis
1159 1803 1459 1868 baptismate
1501 1819 1786 1852 sermonem
1829 1819 1943 1852 esse

381 1899 546 1953 negat

446 1971 590 2019 Hanc
608 1981 774 2018 autem
791 1970 1129 2018 difficultatem
1150 1970 1206 2018 R.
1226 1970 1408 2019 Pichon
1431 1970 1626 2019 solvere
1650 1970 1717 2018 ita
1739 1979 1944 2018 conatus

381 2064 458 2102 est
502 2063 554 2101 ut
599 2053 773 2102 solium
820 2070 918 2101 non
963 2053 1112 2101 lacte.
1135 2053 1379 2117 repletum
1425 2052 1572 2101 fuisse
1622 2053 1712 2101 sed
1761 2069 1943 2117 aquam

382 2138 648 2201 nescioquo
683 2136 931 2184 elemento
961 2136 1162 2184 mixtam
1190 2136 1328 2184 lactis
1356 2136 1517 2184 locum
1546 2136 1755 2185 subiisse
1771 2135 1942 2196 faciat;

379 2220 507 2268 hunc
541 2221 587 2268 in
622 2219 825 2268 modum
860 2236 951 2267 nos
984 2220 1220 2267 admonet
1259 2219 1474 2284 Magnae
1515 2218 1690 2267 Matris
1728 2218 1944 2268 cultores

379 2303 541 2351 vinum
592 2303 668 2351 lac
719 2319 1042 2366 nuncupasse,
1100 2312 1152 2350 et
1208 2320 1342 2360 „vas‚
1400 2302 1449 2350 in
1505 2318 1606 2366 quo
1645 2302 1812 2350 vinum
1850 2311 1941 2361 est,

380 2385 682 2435 mellarium’‘
723 2395 1052 2450 nuncupatum
1093 2401 1205 2434 esse
1226 2390 1275 2446 ⁸),
1324 2396 1375 2434 et
1409 2386 1455 2433 in
1493 2395 1708 2434 mentem
1742 2394 1944 2434 revocat

450 2600 480 2652 1)
507 2601 625 2639 Adde
653 2600 765 2650 quod
792 2601 924 2650 Kotys
951 2599 1039 2648 dea,
1067 2612 1190 2650 quam
1216 2600 1368 2650 Baptae
1385 2600 1610 2648 coluerunt,
1629 2603 1650 2640 ἡ
1667 2599 1764 2651 παρὰ
1780 2603 1943 2651 Δωριεῦσι

380 2667 550 2715 τιμωμένη
577 2668 698 2702 Kar-td»
725 2665 870 2717 (Schol.
898 2665 1072 2703 Theokr.
1102 2665 1138 2714 6,
1167 2678 1238 2714 403
1266 2666 1318 2704 cf.
1353 2666 1474 2715 Rapp
1510 2664 1551 2703 in
1587 2664 1780 2704 Roscheri
1815 2663 1944 2704 lexico

382 2743 412 2769 s.
439 2743 476 2769 v,
505 2731 650 2781 Kotys)
678 2738 718 2769 et
745 2731 885 2767 Κοτυτὼ
915 2731 1029 2781 Ampio:
1053 2730 1124 2772 θεός
1150 2729 1275 2777 (ibid.)
1302 2729 1460 2769 dicitur.

450 2795 480 2843 ⁹)
509 2795 614 2834 Vide
641 2796 748 2834 locos
775 2808 877 2846 quos
906 2807 1027 2845 supra
1054 2794 1255 2844 exscripsi.

449 2860 478 2908 3)
505 2860 699 2908 Macrob.‚
746 2860 905 2899 Saturn.
937 2861 968 2908 Ι,
1007 2873 1067 2909 12,
1107 2871 1177 2911 25:
1228 2860 1366 2911 „quod
1393 2859 1535 2898 vinum
1563 2859 1604 2898 in
1633 2858 1830 2910 templum
1857 2857 1943 2899 eius

382 2937 464 2963 non
500 2938 574 2964 suo
610 2924 775 2964 nomine
810 2925 933 2964 soleat
969 2924 1105 2964 inferri
1135 2925 1208 2964 sed
1235 2938 1303 2964 vas
1330 2924 1372 2963 in
1401 2937 1483 2976 quo
1510 2923 1650 2963 vinum
1677 2922 1853 2963 inditum
1881 2930 1942 2963 est

381 2989 600 3028 mellarium
628 2988 859 3028 nominetur
888 2997 927 3028 et
954 2989 1092 3028 vinum
1117 2989 1178 3028 lac
1206 2988 1503 3041 nuncupetur.”
