2176 3450
1106 358 1195 417 148

367 514 481 546 esse
515 497 710 545 videtur
738 511 981 560 quaerere
1010 494 1106 543 utri
1137 493 1336 542 carmini
1365 491 1662 557 archetypus
1691 493 1932 558 antiquior

369 580 526 629 fuerit.
572 579 684 627 Hoc
727 588 916 627 tanturn
963 578 1247 634 observat0,
1293 576 1339 624 in
1375 591 1543 624 errore
1576 576 1761 625 versari
1796 577 1878 640 qui
1897 578 1931 641 1)

368 662 712 712 contenderint
761 677 934 709 versus
968 659 1159 708 laminis
1186 658 1446 722 inscriptos
1476 667 1699 722 sumptos
1727 675 1840 708 esse
1869 675 1932 709 ex

368 747 583 796 carmine
619 744 839 809 Orphico
873 744 975 791 sive
1010 742 1122 800 alio,
1166 742 1271 790 sive
1316 741 1391 789 cui
1434 740 1601 789 titulus
1643 740 1848 804 Ὀρφέως
1869 744 1935 799 εἰς

357 832 521 880 ”Λιδον
546 827 797 888 κατάβασις.
849 826 1027 890 Neque
1078 825 1206 874 enim
1258 840 1472 882 carmen,
1530 840 1640 872 cum
1691 824 1739 873 in
1791 841 1934 874 usum

368 912 702 977 sepulcrorum
736 909 1111 966 describeretur,
1147 907 1329 956 sensim
1366 907 1770 971 corrumpebatur
1792 907 1859 956 ita
1881 918 1935 956 ut

369 997 466 1045 duo
500 995 692 1043 diversa
726 993 939 1041 carmina
973 991 1177 1049 exirent,
1219 1006 1383 1054 neque
1427 989 1600 1039 literae
1633 989 1934 1054 sepulcrales

370 1097 431 1128 ex
465 1078 621 1142 plenis
655 1075 986 1141 perfectisque
1020 1073 1215 1138 hymnis
1240 1072 1471 1136 Orphicis
1494 1073 1786 1138 desumptae
1804 1083 1932 1132 sunt,

370 1162 461 1211 sed
510 1170 670 1225 mysta
720 1159 824 1207 sive
876 1167 1077 1222 epopta,
1130 1173 1222 1220 pro
1272 1156 1516 1205 initiorum
1565 1156 1739 1222 gradu,
1785 1156 1934 1205 literis

370 1245 654 1293 mandatum
689 1241 843 1291 voluit
874 1240 1221 1297 testimonium,
1257 1257 1319 1288 ex
1354 1256 1453 1304 quo
1488 1249 1753 1304 appareret
1785 1257 1934 1304 quam

371 1327 524 1376 fidem
559 1325 812 1390 professus
846 1334 980 1372 esset
1014 1341 1123 1371 curn
1158 1323 1206 1371 in
1251 1333 1383 1371 terra
1429 1323 1655 1387 degeret,
1701 1338 1800 1387 qua
1843 1339 1934 1388 spe

370 1410 690 1459 confirmatus
723 1407 940 1456 infernas
974 1406 1114 1472 leges
1148 1407 1363 1455 intraret.

434 1493 570 1558 Ergo
587 1508 761 1540 versus
777 1490 969 1539 laminis
987 1490 1202 1553 inscripti
1221 1489 1286 1538 ad
1303 1489 1561 1553 Orpheum
1575 1506 1673 1537 non
1686 1488 1934 1538 referendi

371 1586 509 1634 sunt,
535 1574 670 1639 quod
695 1584 890 1622 constat
914 1573 1127 1637 quidem,
1151 1572 1242 1621 sed
1263 1572 1506 1621 difficilior
1523 1581 1676 1621 restat
1693 1571 1934 1636 quaestio,

371 1676 470 1724 quo
503 1668 732 1722 tempore
766 1673 998 1704 versuum
1034 1655 1288 1719 archetypi
1324 1656 1419 1703 sint
1452 1655 1725 1719 compositi.
1759 1654 1934 1703 Exem-

370 1742 525 1806 plaria
547 1740 775 1788 Thurinis
799 1757 829 1787 e
854 1739 1090 1803 sepulcris
1114 1738 1296 1787 effossa
1319 1737 1502 1787 saeculi
1527 1738 1687 1802 quarti
1709 1738 1936 1786 exeuntis

372 1836 496 1882 sunt,
539 1824 629 1872 sed
662 1825 765 1872 veri
800 1823 957 1871 simile
993 1833 1070 1871 est
1103 1821 1315 1885 Dionysi
1349 1821 1531 1886 Ἐρίφου
1567 1820 1746 1869 cultum
1781 1820 1935 1869 Meta-

373 1908 629 1973 pontinum
658 1906 979 1970 antiquiorem
1009 1922 1135 1953 esse.
1169 1905 1269 1952 Res
1297 1913 1464 1953 autem
1494 1914 1571 1952 est
1598 1904 1743 1952 valde
1772 1903 1934 1952 dubia.

373 1992 516 2050 Nam,
568 1991 607 2038 si
659 1990 790 2038 fides
841 1989 1071 2037 habenda
1122 1999 1201 2037 est
1264 1987 1561 2052 Xenophilo,
1629 1988 1935 2036 Androxeno

373 2074 690 2139 Diogenique
733 2073 1026 2129 auctoribus,
1079 2072 1391 2120 statuendum
1427 2081 1504 2119 est
1532 2071 1597 2119 ab
1627 2071 1735 2134 ipso
1764 2069 1936 2134 Pytha-

372 2174 499 2222 gora
544 2157 694 2219 ἔριφον
739 2171 931 2203 sacrum
980 2154 1159 2202 animal
1205 2154 1425 2202 habitum
1473 2170 1610 2212 esse,
1653 2163 1704 2201 et
1738 2169 1887 2216 supra
1901 2154 1936 2216 ²)

374 2240 573 2304 quidem
607 2237 1064 2295 demonstravimus,
1102 2248 1291 2301 mystas
1324 2236 1591 2294 Thurinos,
1626 2253 1735 2283 cum
1765 2235 1937 2299 Pytha-

373 2339 558 2388 goreos
591 2322 711 2369 ritus
739 2320 1039 2385 sepulcrales
1069 2320 1324 2369 celebrare
1354 2319 1658 2384 perrexerint
1686 2329 1736 2366 et
1765 2318 1936 2367 doctri-

374 2422 487 2453 nam
511 2405 576 2453 de
611 2405 690 2453 dei
724 2404 1084 2468 Psychopompi
1114 2403 1381 2466 Pulaeique
1416 2418 1621 2450 munere
1655 2401 1808 2450 secuti
1842 2401 1938 2449 sint

374 2505 524 2552 quam
559 2487 844 2536 Alexander
878 2487 923 2534 in
960 2487 1323 2535 commentariis
1352 2485 1677 2550 Pythagoreis
1705 2484 1937 2548 scriptam

374 2572 519 2619 fuisse
564 2571 830 2627 contendit,
877 2586 1086 2633 cumque
1120 2569 1375 2632 Euc(u)lus
1410 2579 1460 2617 et
1486 2569 1673 2631 Ἔριφος
1711 2584 1742 2616 a
1781 2567 1936 2615 Meta-

374 2654 589 2718 pontinis
655 2653 768 2701 culti
836 2653 930 2700 sint
997 2669 1207 2717 quorum
1271 2653 1318 2700 in
1382 2651 1568 2716 oppido
1629 2650 1938 2715 Pythagoras

374 2737 506 2794 vixit,
548 2754 578 2784 a
617 2736 901 2801 Pythagora
952 2736 1278 2783 nominandos
1325 2752 1454 2792 esse,
1472 2736 1506 2795 ⁸)
1558 2734 1650 2782 sed
1700 2733 1937 2782 exstatica

431 2886 460 2934 1)
489 2886 594 2925 Vide
621 2899 752 2936 supra,
781 2898 869 2936 cap.
898 2886 955 2924 111
985 2889 1003 2933 ξ
1033 2898 1068 2925 1.

431 2951 462 3001 2)
492 2951 595 2990 Vide
622 2964 711 3002 cap.
744 2964 776 2990 1.

431 3017 462 3067 ³)
492 3015 596 3055 Vide
622 3029 710 3066 cap.
738 3017 776 3054 11
804 3020 823 3063 ἓ
851 3029 888 3064 4.
