2176 3450
934 349 1017 384 111

191 477 271 536 sit,
321 475 456 525 velut
504 474 750 522 victimam
794 471 919 520 tradi
952 467 1322 519 sacerdotibus‘’
1345 469 1379 531 1)
1415 476 1466 515 et
1499 465 1764 514 initiandos

192 559 368 610 deduci
418 559 466 606 in
501 557 664 606 locum
701 556 814 614 „ubi
848 554 1012 604 omnia
1046 552 1247 601 infanda
1281 549 1517 615 patienda
1550 549 1764 613 primum

192 643 372 692 deinde
422 641 646 690 facienda
697 637 911 688 essent”.
932 639 966 702 ¹)
1019 636 1083 685 Et
1123 635 1289 684 Livius
1323 633 1523 699 quidem
1558 631 1765 681 Bacchis

193 742 341 775 veras
389 725 573 773 caedes
622 723 815 780 obiecit,
838 726 872 783 ⁸)
924 721 1015 770 sed
1066 736 1159 768 nos
1210 735 1272 767 ex
1323 718 1429 766 eius
1480 716 1765 766 narratione

194 808 319 858 haec
362 807 619 857 enucleata
661 805 974 870 collegimus:
1012 820 1102 851 eos
1138 802 1219 867 qui
1253 811 1508 866 tamquam
1540 799 1767 848 victimae

193 891 536 941 sacerdotibus
567 888 881 937 traderentur
914 897 966 936 et
984 886 1053 935 ita
1071 885 1468 934 interimerentur
1485 892 1538 931 ut
1555 898 1767 947 corpora

195 975 261 1024 ad
309 973 612 1038 sepulturam
665 989 762 1020 non
808 979 1074 1027 exstarent,
1110 978 1321 1017 mortem
1355 983 1455 1015 non
1491 965 1766 1015 naturalem

196 1058 287 1107 sed
338 1057 592 1120 mysticam
643 1055 863 1103 subiisse.
917 1052 1001 1102 Illa
1052 1068 1180 1117 quae
1226 1050 1429 1099 Bacchis
1465 1047 1765 1114 „patienda”

196 1149 353 1198 erant,
403 1155 677 1188 consonare
727 1138 956 1186 videntur
1009 1152 1118 1184 cum
1170 1134 1251 1183 illo
1303 1133 1569 1196 ,,πάθημα”
1633 1132 1770 1197 quod

195 1233 358 1288 mysta
390 1222 635 1271 Thurinus
670 1221 867 1270 subibat
900 1236 1011 1268 cum
1048 1219 1332 1267 initiaretur.
1366 1216 1579 1265 Sodales
1602 1219 1769 1265 autem

198 1306 366 1356 Italiae
401 1305 643 1354 inferioris
678 1321 775 1353 non
810 1303 959 1352 nescii
993 1311 1135 1350 erant

376 1408 528 1463 Μοίρᾳ
559 1411 703 1450 πάντα
735 1405 943 1460 &apaan-61,
975 1408 1120 1448 πάντα
1151 1406 1366 1458 xpm-vnde

378 1493 642 1549 ἐμβρόντητα
672 1489 718 1532 δὲ
750 1493 908 1541 πάντα,
941 1491 995 1531 τὰ
1025 1488 1194 1543 Μοίρης
1225 1485 1382 1543 τλητὲα
1413 1489 1556 1541 πάντη

200 1603 329 1645 esse,
377 1585 514 1651 quod
531 1588 566 1650 ⁴³)
602 1584 784 1633 lamina
817 1583 1040 1632 Thurina
1074 1583 1241 1647 quinta
1277 1581 1535 1630 evidenter
1569 1580 1773 1629 demon·

202 1680 328 1720 strat
349 1671 395 1733 ⁶).

266 1752 400 1815 Quid
427 1753 563 1818 quod
580 1751 985 1801 caerimoniarum
1005 1749 1165 1807 seriei,
1186 1766 1317 1814 quae
1336 1748 1561 1798 carminis
1581 1747 1774 1813 mystici

201 1854 247 1885 v.
287 1850 362 1899 5-7
398 1835 590 1902 legitur,
626 1834 951 1900 praemittitur
985 1850 1156 1882 versus
1190 1850 1246 1895 4:

348 1935 461 1980 α’λλά
487 1954 539 1992 με
570 1938 702 1992 Μοῖρ’
736 1935 941 1991 ἐδάμασσε
973 1937 1046 1978 καὶ
1077 1933 1365 1992 α’στεροβλῆτα
1397 1936 1629 1990 κεραυνῶν.

272 2069 303 2119 ι)
331 2069 480 2119 Livius,
507 2069 560 2109 1.1.
597 2081 633 2108 c.
675 2081 735 2118 10,
772 2072 792 2115 5
834 2079 882 2117 7,,
920 2066 1130 2118 Hispalam
1171 2065 1389 2106 Feceniam
1430 2066 1529 2106 haec
1570 2065 1776 2106 dicentem

203 2134 319 2185 fecit5
348 2147 454 2186 quae
481 2142 521 2174 et
548 2134 636 2185 ipsa
661 2134 777 2173 1.1.c.
811 2146 856 2172 12
887 2135 910 2182 g
940 2133 966 2172 6
994 2131 1091 2172 dicit
1118 2144 1161 2171 se
1190 2131 1439 2181 „initiatam”
1466 2144 1565 2171 esse.

273 2200 304 2253 ἵ)
331 2200 481 2250 Livius,
506 2200 559 2240 l.l.
588 2204 608 2247 5
637 2200 661 2237 8
689 2205 799 2251 (sunt
825 2198 949 2238 verba
977 2197 1168 2249 Hispalae
1194 2197 1421 2248 Feceniae),

273 2266 306 2315 ⁸)
335 2265 482 2315 Livius,
523 2266 576 2305 1.1.
616 2278 651 2304 c.
698 2277 758 2315 13,
794 2269 813 2312 5
845 2276 906 2312 11,
935 2263 1150 2315 Hispalam
1179 2263 1395 2303 Feceniam
1423 2262 1518 2303 fecit
1546 2270 1777 2303 narrantem

206 2331 390 2371 homines
429 2330 471 2370 in
513 2330 831 2370 Bacchanalibus
858 2328 1084 2368 immolatos
1113 2341 1211 2378 esse,
1240 2329 1311 2368 sed
1339 2329 1410 2380 qui
1437 2329 1535 2381 legit
1562 2329 1776 2369 consulum

205 2396 259 2436 ad
306 2397 517 2436 Teuranos
566 2395 776 2447 epistolam
827 2394 1016 2447 (Senatus
1067 2394 1312 2434 Consultum
1353 2395 1405 2434 de
1446 2394 1777 2447 Bacchanalibus,

206 2461 256 2502 C.
283 2463 315 2502 1.
342 2462 388 2501 L.
416 2463 448 2510 1,
477 2475 518 2513 p.
546 2475 611 2513 43,
640 2462 699 2500 n0.
732 2460 819 2510 196,
846 2460 897 2499 cf.
924 2460 975 2509 X,
999 2472 1060 2511 13,
1081 2461 1139 2499 n0.
1165 2472 1261 2510 1043
1281 2459 1448 2510 Ritscm,
1467 2460 1625 2501 Priscae
1644 2460 1779 2504 Latin.

206 2539 318 2567 mon.
346 2526 526 2579 epigraf„
555 2527 635 2567 tab.
664 2525 819 2577 xv111)
833 2524 1039 2577 intelleget
1053 2538 1089 2565 a.
1109 2526 1183 2564 186
1198 2526 1353 2565 nullum
1368 2534 1532 2566 senatus
1544 2527 1778 2568 consultum

208 2593 359 2632 factum
402 2605 488 2632 esse
527 2605 582 2632 ne
622 2592 744 2631 homo
778 2590 1051 2630 immolaretur
1078 2590 1145 2643 (cf.
1173 2590 1337 2641 Plinius,
1366 2592 1416 2631 N.
1445 2593 1504 2632 H.
1533 2592 1666 2643 XXX,
1698 2597 1778 2645 13).

209 2657 392 2709 Hispala,
433 2669 539 2709 quae
581 2665 781 2697 »scortum
822 2655 978 2696 nobile«
1020 2656 1146 2706 audit,
1188 2655 1313 2708 digna
1357 2669 1440 2697 non
1475 2665 1535 2698 est
1561 2657 1628 2698 cui
1656 2658 1779 2700 fidem

210 2722 443 2763 habeamus.

275 2787 309 2840 ⁴)
335 2787 442 2828 Vide
468 2800 590 2839 supra
617 2790 640 2837 g
674 2800 690 2827 1
723 2795 763 2827 et
790 2800 881 2839 cap.
907 2787 967 2827 IV
999 2792 1019 2835 ς
1049 2800 1087 2839 3,
1115 2787 1161 2827 B.

279 2853 310 2905 ⁸)
338 2853 403 2894 Cf.
433 2854 585 2905 Hymn.
614 2853 741 2905 Orph.
774 2863 835 2904 59,
864 2858 1055 2901 ΜΟΙΡΩΝ,
1082 2865 1120 2893 v.
1153 2865 1199 2906 13
1228 2866 1339 2905 seq-2

1109 2931 1176 2969 ’ὅσα
1201 2933 1352 2982 γίγνεται
1378 2932 1458 2982 ἡμῖν

479 2998 593 3048 Μοῖρά
618 3009 656 3033 τι
681 2997 738 3034 καὶ
766 2995 845 3038 Διὸς
874 2994 944 3033 οἶδε
970 2996 1045 3039 νόος
1070 2995 1131 3034 διὰ
1157 2996 1286 3040 παντὸς
1313 2998 1465 3038 ἅπαντα.
