2176 3450
1115 342 1206 387 140

377 466 555 523 habeo,
581 482 612 514 a
636 464 861 529 Dionyso
892 467 1123 523 κατέχομαι
1149 473 1201 512 et
1218 480 1299 511 me
1318 463 1536 527 proripio
1553 463 1936 514 bacchabundus

376 549 423 597 in
453 548 584 597 dona
612 547 941 611 dionysiaca.”
967 545 1199 595 Formula
1227 545 1375 610 igitur
1404 561 1502 594 non
1526 545 1592 594 ad
1614 546 1938 596 caerimonias

376 631 639 680 reserenda
666 640 756 687 est,
786 630 961 694 quibus
989 629 1321 692 exsequendis
1350 628 1608 676 initiandus
1630 630 1782 691 ἔριφος
1805 630 1934 689 exiit,

375 714 467 762 sed
502 713 668 775 ἐρίφων
701 713 841 778 orgia
883 711 1235 760 bacchabunda
1279 711 1525 776 designat,
1569 711 1746 776 quibus
1795 729 1935 761 suum

377 813 554 845 nomen
576 796 671 845 iam
685 795 864 844 reddo:
882 795 1150 858 ε’ριφιὴματα
1176 803 1455 858 nuncupata
1467 804 1583 843 sunt
1595 812 1625 844 a
1636 794 1934 845 Laconibus.

381 879 647 939 (Credibile
681 889 759 927 est
776 895 807 926 a
827 877 1030 926 Bacchis
1053 877 1201 925 etiam
1225 878 1375 940 ἔριφον
1396 887 1663 926 mactatum
1681 894 1809 927 esse.
1833 877 1938 928 Sed

376 962 469 1010 hoc
503 978 611 1009 cum
647 962 806 1009 minus
840 971 1026 1009 certum
1067 960 1143 1018 sit,
1190 960 1391 1008 missum
1435 959 1586 1021 facio3
1632 961 1743 1009 vide
1786 977 1938 1026 supra

375 1062 481 1109 cap.
519 1045 559 1092 lI
596 1046 627 1107 ξ
658 1061 690 1106 4
725 1054 777 1092 et
810 1043 937 1091 infra
971 1060 1077 1107 cap.
1116 1042 1202 1103 VI)
1247 1041 1382 1105 Quid
1409 1044 1613 1108 mystica
1631 1044 1936 1093 Bacchorum

374 1127 581 1176 iormula
612 1126 834 1175 Thurina
867 1125 1117 1191 significet
1149 1127 1245 1175 iam
1271 1137 1498 1191 apparet:
1535 1137 1696 1190 mysta
1719 1127 1838 1176 dixit
1861 1126 1937 1186 „E

374 1217 667 1280 Proserpina
700 1226 900 1264 renatus
935 1233 1016 1264 me
1049 1216 1263 1280 proripui
1299 1216 1347 1264 in
1383 1226 1524 1280 prata
1545 1216 1781 1281 lucosque
1803 1233 1936 1281 quae

374 1299 500 1348 lacte
535 1298 789 1348 affluunt.'’
825 1299 907 1347 Ad
940 1299 1132 1348 literam
1165 1299 1457 1348 vertendum
1491 1310 1568 1348 est
1603 1299 1844 1363 „Eriphus
1871 1299 1936 1348 ad

372 1382 448 1431 lac
482 1399 563 1431 me
596 1382 860 1446 proripui”.

438 1465 631 1514 Scimus
666 1482 765 1514 non
796 1465 1020 1514 Graecos
1048 1466 1292 1530 Italosque
1321 1466 1480 1515 solum
1511 1467 1602 1515 sed
1630 1466 1936 1516 Christianos

373 1549 520 1597 etiam
564 1548 830 1597 credidisse
876 1549 1026 1598 deum
1068 1549 1255 1608 „mellis
1290 1559 1342 1598 et
1375 1549 1514 1598 lactis
1547 1550 1785 1598 societate
1819 1567 1937 1599 suos

374 1630 708 1695 infantare.’‘1)
743 1631 922 1681 Bacchi
956 1641 1122 1681 autem
1157 1632 1359 1680 Thurini
1393 1642 1444 1681 et
1465 1633 1677 1682 Romani
1702 1633 1766 1682 de
1789 1632 1936 1682 melle

374 1714 552 1768 nullam
605 1714 828 1763 fecerunt
875 1716 1192 1774 mentionem,
1237 1715 1395 1764 solum
1440 1715 1516 1765 lac
1558 1717 1605 1764 in
1649 1716 1840 1765 laminis
1885 1726 1937 1765 et

373 1798 506 1861 apud
542 1798 806 1846 Heminam
841 1807 1162 1862 nuncupatur.
1198 1797 1448 1860 Quidnam
1483 1798 1598 1847 illud
1631 1798 1707 1848 lac
1742 1798 1861 1848 fuit?

438 1880 664 1928 Bacchae
698 1880 831 1929 faces
864 1880 911 1929 in
946 1898 1125 1945 aquam
1161 1881 1477 1937 demiserunt,
1512 1882 1705 1947 integra
1738 1881 1935 1931 flamma

372 1963 666 2013 extulerunt.
708 1963 823 2026 Quo
857 1966 1007 2013 modo
1043 1964 1153 2013 sieri
1188 1965 1349 2029 potuit
1382 1974 1435 2013 ut
1468 1981 1597 2030 aqua
1632 1965 1817 2014 facibus
1835 1982 1934 2014 non

440 2150 469 2197 1)
495 2149 557 2189 Cf.
589 2149 872 2198 Tertullianus,
898 2150 990 2189 adV.
1018 2149 1214 2189 Marcion.
1242 2151 1273 2199 Ι,
1306 2162 1355 2198 14
1382 2158 1422 2190 et
1452 2150 1621 2191 Useneri
1646 2149 1936 2191 commentatio

373 2214 425 2252 de
449 2215 552 2254 lacte
580 2223 620 2254 et
647 2215 775 2254 melle.
803 2214 993 2266 Aegyptii
1019 2227 1184 2266 quoque
1210 2215 1302 2254 lacti
1328 2214 1411 2255 vim
1454 2215 1666 2255 mirificam
1709 2215 1935 2255 tribuerunt

371 2281 435 2328 (cf.
478 2280 687 2329 Hatrison,
728 2281 830 2320 Prol.
857 2294 897 2331 p.
928 2280 1031 2332 597).
1065 2281 1218 2320 Notatu
1244 2288 1381 2320 autem
1409 2280 1579 2332 dignum
1607 2288 1667 2321 est
1695 2280 1934 2332 Babylonios

371 2344 586 2384 credidisse
613 2345 735 2384 deum
756 2359 798 2397 q.
826 2358 858 2384 e.
900 2347 960 2384 Ea
987 2358 1070 2384 non
1095 2346 1226 2387 solum
1253 2357 1401 2398 aquam
1429 2346 1723 2386 exorcizantem
1762 2345 1934 2392 (Wasser

372 2410 443 2448 der
469 2411 778 2461 Besehworung)
806 2410 877 2450 sed
905 2410 1024 2450 etiam
1052 2412 1113 2450 lac
1141 2418 1181 2450 et
1208 2412 1288 2450 mel
1315 2411 1482 2451 mortuis
1509 2412 1617 2451 dare.
1648 2410 1752 2450 Vide
1769 2423 1934 2451 carmen

371 2475 647 2526 Babylonium,
675 2476 787 2527 quod
810 2475 1001 2526 Jeremias
1028 2475 1146 2515 vertit
1172 2477 1249 2517 l.1.:

533 2589 612 2636 „Er
638 2589 762 2628 uahm
790 2588 883 2628 dich
912 2602 999 2640 weg
1026 2601 1078 2628 an
1107 2589 1187 2628 den
1216 2588 1292 2628 Ort
1320 2589 1392 2628 der
1418 2588 1665 2640 Reinigung,

531 2666 584 2692 an
611 2654 690 2692 den
718 2653 794 2693 Ort
820 2654 892 2693 der
918 2654 1152 2706 Reinigung
1179 2655 1301 2693 nahm
1331 2667 1374 2693 er
1400 2654 1506 2704 dich,

529 2731 578 2757 zu
605 2720 652 2767 (Ρ)
679 2718 821 2770 Honig
849 2720 933 2758 und
961 2719 1086 2759 Milch
1114 2720 1237 2759 nahm
1266 2732 1309 2759 er
1335 2719 1441 2769 dich,

531 2784 686 2823 Wasser
713 2784 784 2823 der
811 2785 1107 2837 Beschworung
1133 2786 1221 2825 that
1248 2798 1290 2824 er
1317 2784 1379 2824 dir
1399 2785 1442 2824 in
1470 2785 1550 2824 den
1579 2785 1726 2834 Mund,

531 2847 676 2887 deinen
705 2850 839 2888 Mund
865 2849 1017 2889 offnete
1044 2863 1086 2889 er
1114 2849 1260 2890 mittels
1287 2850 1744 2901 Beschworungskunst:

532 2912 641 2952 ›Wie
668 2914 739 2952 der
767 2913 945 2953 Himmel
971 2914 1028 2954 sei
1055 2915 1144 2964 hell,
1173 2915 1246 2954 wie
1274 2915 1340 2954 die
1366 2916 1473 2954 Erde
1500 2914 1557 2955 sei
1584 2914 1683 2964 rein,

533 2976 604 3016 wie
631 2978 702 3017 das
731 2979 876 3018 Inuere
903 2979 975 3019 des
1003 2980 1203 3020 Himmels
1231 2980 1437 3032 glanze.‹”
