2176 3450
981 375 1042 421 43

227 507 279 547 et
296 497 475 546 deinde
493 497 677 559 Ἐρίφου
695 496 948 562 religionis
965 506 1016 545 et
1033 496 1245 545 nominis
1265 496 1514 545 historiam
1533 495 1668 544 hisce
1686 496 1788 545 fere

226 580 564 644 complectitur
607 597 668 639 „a
707 580 1046 638 Doriensibus,
1082 579 1208 628 inter
1240 596 1366 644 quos
1400 579 1496 627 iam
1533 579 1740 628 Alcman
1757 580 1790 639 1)

223 663 363 712 testis
403 673 493 720 est,
534 663 770 712 translata
804 674 882 712 est
915 663 962 711 in
998 662 1196 720 Italiam,
1232 662 1365 711 unde
1400 671 1680 727 propagata
1714 672 1791 711 est

223 745 289 795 ad
317 746 601 810 posterioris
628 747 738 795 aevi
768 745 923 795 cultus
951 745 1213 795 Bacchicos
1243 751 1315 805 (et
1344 745 1494 794 Asiae
1518 745 1788 801 Minoris)”.

289 828 603 894 Quamquam
633 829 933 894 Hesychium
958 829 1381 894 Porphyriumque
1409 839 1607 878 secutus
1636 829 1789 877 Wies·

222 911 385 961 selero
436 912 672 977 astipulor
722 923 774 962 et
820 913 936 961 mihi
983 929 1274 977 persuasum
1322 922 1399 961 est
1443 928 1622 961 nomen
1669 929 1716 976 q.
1743 929 1787 961 e.

221 997 489 1058 εἶραφιώτης
512 1012 542 1044 a
566 995 720 1060 stirpe
737 996 874 1045 vocis
891 996 1052 1057 ἔρραος
1068 995 1389 1044 derivandum
1409 1011 1538 1052 esse,
1559 995 1789 1059 equidem

220 1078 435 1127 observo
469 1078 597 1127 hanc
631 1080 769 1128 vocis
802 1078 1155 1144 etymologiam
1191 1078 1422 1143 Orphicis
1456 1089 1540 1127 aut
1569 1078 1788 1144 ignotam

222 1159 373 1210 fuisse
407 1170 491 1210 aut
524 1178 623 1210 non
659 1161 916 1227 placuisse.
954 1161 1087 1224 Quid
1122 1162 1254 1210 enim
1289 1162 1385 1210 hoc
1421 1178 1604 1210 nomen
1646 1161 1787 1227 signi·

221 1243 375 1293 ficare
399 1244 583 1308 opinati
608 1245 718 1303 sint,
745 1245 927 1294 clarum
953 1245 1014 1293 sit
1037 1246 1076 1293 si
1100 1245 1397 1294 conferimus
1416 1245 1546 1294 aliud
1563 1245 1786 1294 eiusdem

218 1326 299 1376 dei
334 1343 613 1392 cognomen
633 1345 680 1392 q.
701 1345 745 1377 e.
762 1324 1099 1391 μηρορραφῆςῧ
1124 1337 1176 1377 et
1204 1328 1511 1377 meminimus
1543 1328 1787 1393 Orphicos

224 1407 496 1473 Εἰραφιώτην
525 1411 675 1459 deum
693 1411 975 1460 nominasse
993 1428 1142 1475 quern
1163 1421 1309 1475 pater
1332 1417 1462 1474 μηρῷ
1486 1415 1787 1474 ἐγκατέρραψε

216 1492 401 1542 Verum
447 1495 580 1544 enim
626 1510 750 1543 vero
797 1494 843 1542 in
890 1494 1031 1542 huius
1066 1492 1230 1558 hymni
1264 1506 1465 1559 poetam
1503 1495 1586 1557 (H.
1624 1494 1784 1559 Orph.

215 1574 435 1641 XLV111)
469 1578 598 1627 cadit
631 1577 748 1626 illud
778 1577 1011 1642 Hesychii
1040 1577 1336 1643 glossema
1341 1599 1479 1641 ,παρα
1492 1578 1542 1625 τό
1555 1575 1787 1641 ἐρραφθαι

214 1661 260 1707 ἐν
288 1663 352 1720 τῷ
378 1680 493 1725 wypq
537 1665 617 1710 τοῦ
645 1659 783 1716 Διός”
835 1677 927 1710 nec
979 1677 1077 1709 non
1132 1660 1247 1708 illud
1306 1660 1466 1708 Nonn.
1528 1661 1733 1726 Dionys.
1751 1662 1785 1725 ⁸)

215 1739 457 1806 ,,ε’φημισεν
481 1746 775 1807 Εἶραφιώτην,
798 1745 888 1791 ὅττι
906 1764 981 1801 μιν
1006 1764 1054 1791 ει
1045 1740 1176 1791 laidem
1203 1744 1349 1807 πατήρ
1376 1742 1610 1807 ἕρρᾶψατο
1633 1743 1787 1806 perum?

215 1824 327 1874 Hoc
350 1827 519 1890 utique
554 1827 820 1876 tenendum
857 1837 934 1875 est
968 1826 1221 1891 Orphicos
1257 1825 1535 1888 Εἷραφιιηηι
1560 1827 1783 1876 colentes

215 1925 311 1957 non
359 1909 507 1958 deum
545 1909 708 1972 ἕρράου
752 1911 909 1959 forma
956 1910 1191 1967 indutum,
1236 1910 1326 1958 sed
1362 1909 1536 1958 femori
1572 1910 1783 1959 insutum

212 1991 442 2041 voluisse.
480 1992 844 2059 Distinguenda
874 1993 1019 2058 igitur
1053 2004 1165 2042 sunt
1200 1992 1451 2042 Laconum
1489 1993 1662 2050 cultus,
1699 1994 1781 2057 qui

213 2073 487 2139 Dionysum
534 2076 625 2125 sub
658 2078 814 2139 ἐρίφου
847 2077 1013 2141 specie
1058 2077 1328 2133 coluerunt,
1365 2086 1416 2124 et
1450 2076 1780 2141 Orphicorum

212 2174 365 2215 sacra,
401 2159 482 2223 qui
518 2159 833 2208 crediderunt
867 2161 1030 2218 deum,
1067 2177 1175 2208 cum
1206 2160 1404 2209 Semele
1426 2160 1559 2223 Jovis
1582 2159 1781 2209 fulmine

212 2241 422 2306 abrepta
458 2253 605 2299 esset,
640 2243 791 2307 patris
826 2243 999 2292 femori
1035 2243 1244 2291 insutum
1280 2260 1406 2291 esse.
1423 2245 1458 2307 ⁴)

268 2361 296 2406 1)
323 2361 452 2412 Legas
490 2362 736 2412 „Alcaeus'';
774 2376 909 2415 neque
946 2363 1154 2403 Wiesseler
1191 2377 1325 2415 neque
1364 2364 1566 2403 Dieterich
1602 2365 1780 2404 Crameri

210 2426 365 2465 Anecd.
403 2426 568 2466 Parisin.
605 2428 663 2466 111
692 2440 730 2479 p.
766 2440 809 2466 12
846 2441 878 2467 1.
897 2440 932 2479 5.
961 2428 1103 2480 legisse
1133 2428 1289 2468 videtur
1300 2444 1310 2478 ;
1339 2429 1478 2468 Alcaei
1508 2430 1778 2481 fragmentum

213 2502 299 2530 eune
324 2499 495 2532 constat.

279 2555 309 2606 ³)
337 2556 439 2595 Vide.
468 2556 595 2596 lexiea
622 2570 694 2597 SV.
722 2565 763 2597 et
789 2559 840 2597 cf.
870 2558 1035 2609 Dionys.
1065 2559 1151 2599 Per.
1180 2573 1278 2608 940:
1308 2559 1508 2612 Ἐῡρραφίος
1536 2561 1631 2612 παρὰ
1657 2567 1778 2613 μηροῦ.

210 2619 449 2666 (seeundum
506 2623 745 2663 Strabonem
796 2629 1018 2677 Μηροτραφὴς
1064 2625 1164 2664 deus
1200 2625 1238 2663 in
1277 2626 1393 2664 Mero
1431 2634 1568 2666 monte
1606 2627 1779 2666 nutritus

210 2684 369 2731 dicitur)

277 2751 308 2797 ⁸)
334 2752 470 2791 Nonn.
501 2752 665 2803 Dionys.
696 2754 753 2792 IX
784 2767 846 2805 2³·

275 2817 307 2867 ⁴)
334 2817 446 2856 Kem
490 2817 531 2857 in
574 2818 829 2870 Pauly-Wiss.
872 2819 1020 2859 Lexico
1064 2821 1097 2858 V
1128 2834 1167 2871 p.
1202 2821 1303 2859 1028
1332 2821 1430 2869 „das
1459 2821 1542 2860 rein
1572 2822 1777 2872 poetische

208 2879 378 2921 Beiwort
405 2884 599 2934 ιὶραφια-’πης
626 2883 782 2924 scheint
811 2885 907 2924 aber
926 2885 1037 2924 nicht
1053 2884 1207 2925 hierher
1226 2886 1322 2931 (scil.
1341 2885 1466 2939 ἔριφος)
1483 2900 1531 2926 zu
1550 2887 1753 2938 gehoren”
1766 2901 1776 2936 ;

208 2944 303 2985 alias
344 2946 461 2987 huius
502 2948 676 2987 nominis
717 2949 1067 3001 interpretationes
1095 2951 1255 3003 collegit
1284 2953 1416 2991 Iessen
1447 2952 1487 2990 in
1519 2952 1776 3003 Pauly-wisa

207 3010 355 3050 Lexico
384 3012 420 3049 V
449 3025 489 3064 p.
520 3026 623 3064 2¹¹9
