<?xml version="1.0" encoding="UTF-8"?>
<!DOCTYPE html PUBLIC "-//W3C//DTD XHTML 1.0 Transitional//EN"
    "http://www.w3.org/TR/xhtml1/DTD/xhtml1-transitional.dtd">
<html xmlns="http://www.w3.org/1999/xhtml" xml:lang="en" lang="en">
 <head>
  <title>
</title>
<meta http-equiv="Content-Type" content="text/html;charset=utf-8" />
  <meta name='ocr-system' content='tesseract 3.04.00' />
  <meta name='ocr-capabilities' content='ocr_page ocr_carea ocr_par ocr_line ocrx_word'/>
</head>
<body>
  <div class='ocr_page' id='page_1' title='image "./detribuslaminisa00wietuoft_0154.png"; bbox 0 0 2176 3450; ppageno 0'>
   <div class='ocr_carea' id='block_1_1' title="bbox 1120 362 1212 407">
    <p class='ocr_par' dir='ltr' id='par_1_1' title="bbox 1120 362 1212 407">
     <span class='ocr_line' id='line_1_1' title="bbox 1120 362 1212 407; baseline 0 0"><span class='ocrx_word' id='word_1_1' title='bbox 1120 362 1212 407; x_wconf 84' lang='lat'>144</span> 
     </span>
    </p>
   </div>
   <div class='ocr_carea' id='block_1_2' title="bbox 380 481 1946 1295">
    <p class='ocr_par' dir='ltr' id='par_1_2' title="bbox 382 481 1946 798">
     <span class='ocr_line' id='line_1_2' title="bbox 382 481 1945 550; baseline 0.001 -17"><span class='ocrx_word' id='word_1_2' title='bbox 382 485 545 534; x_wconf 79' lang='lat' dir='ltr'>fuisse.</span> <span class='ocrx_word' id='word_1_3' title='bbox 581 484 772 533; x_wconf 87' lang='lat' dir='ltr'>Livium</span> <span class='ocrx_word' id='word_1_4' title='bbox 806 483 960 533; x_wconf 90' lang='lat' dir='ltr'>secuti</span> <span class='ocrx_word' id='word_1_5' title='bbox 995 500 1085 532; x_wconf 94' lang='lat' dir='ltr'>eos</span> <span class='ocrx_word' id='word_1_6' title='bbox 1114 493 1317 547; x_wconf 89' lang='lat' dir='ltr'>„raptos</span> <span class='ocrx_word' id='word_1_7' title='bbox 1344 500 1376 532; x_wconf 90' lang='lat' dir='ltr'>a</span> <span class='ocrx_word' id='word_1_8' title='bbox 1402 481 1525 532; x_wconf 84' lang='lat' dir='ltr'>diis&#39;’</span> <span class='ocrx_word' id='word_1_9' title='bbox 1554 483 1807 534; x_wconf 87' lang='lat' dir='ltr'>nominare</span> <span class='ocrx_word' id='word_1_10' title='bbox 1835 502 1945 550; x_wconf 84' lang='lat' dir='ltr'>pos·</span> 
     </span>
     <span class='ocr_line' id='line_1_3' title="bbox 382 565 1946 631; baseline 0 -15"><span class='ocrx_word' id='word_1_11' title='bbox 382 584 562 617; x_wconf 88' lang='lat' dir='ltr'>sumus.</span> <span class='ocrx_word' id='word_1_12' title='bbox 580 572 613 628; x_wconf 85' lang='lat'>¹)</span> <span class='ocrx_word' id='word_1_13' title='bbox 649 567 774 615; x_wconf 90' lang='lat' dir='ltr'>Cum</span> <span class='ocrx_word' id='word_1_14' title='bbox 808 577 1019 615; x_wconf 86' lang='lat' dir='ltr'>mortem</span> <span class='ocrx_word' id='word_1_15' title='bbox 1065 565 1322 631; x_wconf 85' lang='lat' dir='ltr'>mysticam</span> <span class='ocrx_word' id='word_1_16' title='bbox 1367 566 1603 626; x_wconf 84' lang='lat' dir='ltr'>subirent,</span> <span class='ocrx_word' id='word_1_17' title='bbox 1649 583 1706 616; x_wconf 88' lang='lat' dir='ltr'>se</span> <span class='ocrx_word' id='word_1_18' title='bbox 1750 584 1865 617; x_wconf 87' lang='lat' dir='ltr'>esse</span> <span class='ocrx_word' id='word_1_19' title='bbox 1898 568 1946 618; x_wconf 77' lang='grc' dir='ltr'>ἐν</span> 
     </span>
     <span class='ocr_line' id='line_1_4' title="bbox 389 647 1946 714; baseline 0.002 -16"><span class='ocrx_word' id='word_1_20' title='bbox 389 647 603 714; x_wconf 75' lang='grc' dir='ltr'><em>Ταρτάρῳ</em></span> <span class='ocrx_word' id='word_1_21' title='bbox 646 650 777 713; x_wconf 89' lang='lat' dir='ltr'>(vide</span> <span class='ocrx_word' id='word_1_22' title='bbox 811 665 962 713; x_wconf 87' lang='lat' dir='ltr'>supra</span> <span class='ocrx_word' id='word_1_23' title='bbox 995 666 1044 713; x_wconf 89' lang='lat' dir='ltr'>p.</span> <span class='ocrx_word' id='word_1_24' title='bbox 1087 649 1196 712; x_wconf 91' lang='lat'>114)</span> <span class='ocrx_word' id='word_1_25' title='bbox 1240 648 1556 698; x_wconf 89' lang='lat' dir='ltr'>crediderunt</span> <span class='ocrx_word' id='word_1_26' title='bbox 1587 659 1640 698; x_wconf 91' lang='lat' dir='ltr'>et</span> <span class='ocrx_word' id='word_1_27' title='bbox 1671 649 1881 701; x_wconf 84' lang='lat' dir='ltr'>sortasse</span> <span class='ocrx_word' id='word_1_28' title='bbox 1912 667 1946 701; x_wconf 81' lang='lat' dir='ltr'>a</span> 
     </span>
     <span class='ocr_line' id='line_1_5' title="bbox 382 730 1397 798; baseline -0.004 -16"><span class='ocrx_word' id='word_1_29' title='bbox 382 733 701 798; x_wconf 87' lang='lat' dir='ltr'>synthiasotis</span> <span class='ocrx_word' id='word_1_30' title='bbox 715 731 880 781; x_wconf 66' lang='lat' dir='ltr'>‘&#39;Aedov</span> <span class='ocrx_word' id='word_1_31' title='bbox 911 730 1069 790; x_wconf 79' lang='grc' dir='ltr'>Βάκχοι</span> <span class='ocrx_word' id='word_1_32' title='bbox 1086 731 1199 779; x_wconf 90' lang='lat' dir='ltr'>dicti</span> <span class='ocrx_word' id='word_1_33' title='bbox 1217 741 1344 780; x_wconf 92' lang='lat' dir='ltr'>sunt.</span> <span class='ocrx_word' id='word_1_34' title='bbox 1361 732 1397 796; x_wconf 85' lang='lat'>¹)</span> 
     </span>
    </p>

    <p class='ocr_par' dir='ltr' id='par_1_3' title="bbox 380 814 1944 1295">
     <span class='ocr_line' id='line_1_6' title="bbox 446 814 1943 880; baseline 0.001 -16"><span class='ocrx_word' id='word_1_35' title='bbox 446 816 495 864; x_wconf 85' lang='lat' dir='ltr'>Is</span> <span class='ocrx_word' id='word_1_36' title='bbox 519 826 682 864; x_wconf 90' lang='lat' dir='ltr'>autem</span> <span class='ocrx_word' id='word_1_37' title='bbox 708 816 842 863; x_wconf 90' lang='lat' dir='ltr'>cuius</span> <span class='ocrx_word' id='word_1_38' title='bbox 865 815 914 863; x_wconf 92' lang='lat' dir='ltr'>in</span> <span class='ocrx_word' id='word_1_39' title='bbox 939 814 1168 879; x_wconf 87' lang='lat' dir='ltr'>sepulcro</span> <span class='ocrx_word' id='word_1_40' title='bbox 1193 830 1395 863; x_wconf 88' lang='lat' dir='ltr'>carmen</span> <span class='ocrx_word' id='word_1_41' title='bbox 1419 815 1674 880; x_wconf 86' lang='lat' dir='ltr'>mysticum</span> <span class='ocrx_word' id='word_1_42' title='bbox 1693 817 1943 866; x_wconf 88' lang='lat' dir='ltr'>inventum</span> 
     </span>
     <span class='ocr_line' id='line_1_7' title="bbox 381 897 1944 966; baseline 0.001 -18"><span class='ocrx_word' id='word_1_43' title='bbox 381 909 472 958; x_wconf 84' lang='lat' dir='ltr'>est,</span> <span class='ocrx_word' id='word_1_44' title='bbox 502 899 610 963; x_wconf 93' lang='lat' dir='ltr'>plus</span> <span class='ocrx_word' id='word_1_45' title='bbox 638 914 786 962; x_wconf 89' lang='lat' dir='ltr'>quam</span> <span class='ocrx_word' id='word_1_46' title='bbox 817 907 1018 962; x_wconf 81' lang='lat' dir='ltr'>„raptus</span> <span class='ocrx_word' id='word_1_47' title='bbox 1048 914 1079 946; x_wconf 90' lang='lat' dir='ltr'>a</span> <span class='ocrx_word' id='word_1_48' title='bbox 1104 897 1243 956; x_wconf 87' lang='lat' dir='ltr'>diis”‚</span> <span class='ocrx_word' id='word_1_49' title='bbox 1262 897 1414 961; x_wconf 81' lang='grc' dir='ltr'><strong><em>ἔριφος</em></strong></span> <span class='ocrx_word' id='word_1_50' title='bbox 1430 898 1529 947; x_wconf 84' lang='lat' dir='ltr'>fuit.</span> <span class='ocrx_word' id='word_1_51' title='bbox 1553 899 1685 948; x_wconf 87' lang='lat' dir='ltr'>Huic</span> <span class='ocrx_word' id='word_1_52' title='bbox 1700 901 1944 966; x_wconf 86' lang='lat' dir='ltr'>graduum</span> 
     </span>
     <span class='ocr_line' id='line_1_8' title="bbox 381 980 1944 1046; baseline 0.001 -16"><span class='ocrx_word' id='word_1_53' title='bbox 381 981 648 1030; x_wconf 89' lang='lat' dir='ltr'>diversitati</span> <span class='ocrx_word' id='word_1_54' title='bbox 703 981 970 1029; x_wconf 87' lang='lat' dir='ltr'>carminum</span> <span class='ocrx_word' id='word_1_55' title='bbox 1027 980 1358 1045; x_wconf 87' lang='lat' dir='ltr'>discrepantia</span> <span class='ocrx_word' id='word_1_56' title='bbox 1378 982 1413 1046; x_wconf 57' lang='grc' dir='ltr'>θ)</span> <span class='ocrx_word' id='word_1_57' title='bbox 1462 982 1695 1032; x_wconf 86' lang='lat' dir='ltr'>debetur:</span> <span class='ocrx_word' id='word_1_58' title='bbox 1747 999 1944 1032; x_wconf 85' lang='lat' dir='ltr'>carmen</span> 
     </span>
     <span class='ocr_line' id='line_1_9' title="bbox 381 1063 1942 1129; baseline 0.001 -16"><span class='ocrx_word' id='word_1_59' title='bbox 381 1065 588 1129; x_wconf 88' lang='lat' dir='ltr'>supplex</span> <span class='ocrx_word' id='word_1_60' title='bbox 648 1073 726 1112; x_wconf 91' lang='lat' dir='ltr'>est</span> <span class='ocrx_word' id='word_1_61' title='bbox 784 1073 992 1127; x_wconf 84' lang='lat' dir='ltr'>mystae,</span> <span class='ocrx_word' id='word_1_62' title='bbox 1056 1063 1138 1127; x_wconf 91' lang='lat' dir='ltr'>qui</span> <span class='ocrx_word' id='word_1_63' title='bbox 1198 1073 1403 1128; x_wconf 86' lang='lat' dir='ltr'>„raptus</span> <span class='ocrx_word' id='word_1_64' title='bbox 1463 1081 1495 1113; x_wconf 88' lang='lat' dir='ltr'>a</span> <span class='ocrx_word' id='word_1_65' title='bbox 1554 1064 1692 1125; x_wconf 82' lang='lat' dir='ltr'>diis”‚</span> <span class='ocrx_word' id='word_1_66' title='bbox 1742 1082 1942 1116; x_wconf 86' lang='lat' dir='ltr'>carmen</span> 
     </span>
     <span class='ocr_line' id='line_1_10' title="bbox 380 1146 1944 1214; baseline 0.001 -18"><span class='ocrx_word' id='word_1_67' title='bbox 380 1148 636 1212; x_wconf 90' lang='lat' dir='ltr'>mysticum</span> <span class='ocrx_word' id='word_1_68' title='bbox 688 1156 766 1195; x_wconf 85' lang='lat' dir='ltr'>est</span> <span class='ocrx_word' id='word_1_69' title='bbox 817 1156 1051 1211; x_wconf 87' lang='lat' dir='ltr'>epoptae‚</span> <span class='ocrx_word' id='word_1_70' title='bbox 1104 1146 1187 1211; x_wconf 91' lang='lat' dir='ltr'>qui</span> <span class='ocrx_word' id='word_1_71' title='bbox 1236 1147 1389 1211; x_wconf 80' lang='grc' dir='ltr'><strong><em>ἔριφος</em></strong></span> <span class='ocrx_word' id='word_1_72' title='bbox 1438 1147 1485 1196; x_wconf 91' lang='lat' dir='ltr'>in</span> <span class='ocrx_word' id='word_1_73' title='bbox 1531 1147 1696 1214; x_wconf 87' lang='lat' dir='ltr'>lingua</span> <span class='ocrx_word' id='word_1_74' title='bbox 1738 1149 1944 1214; x_wconf 85' lang='lat' dir='ltr'>mystica</span> 
     </span>
     <span class='ocr_line' id='line_1_11' title="bbox 380 1231 768 1295; baseline -0.003 -16"><span class='ocrx_word' id='word_1_75' title='bbox 380 1231 768 1295; x_wconf 87' lang='lat' dir='ltr'>nuncupabatur.</span> 
     </span>
    </p>
   </div>
   <div class='ocr_carea' id='block_1_3' title="bbox 603 1396 1714 1462">
    <p class='ocr_par' dir='ltr' id='par_1_4' title="bbox 603 1396 1714 1462">
     <span class='ocr_line' id='line_1_12' title="bbox 603 1396 1714 1462; baseline 0.002 -17"><span class='ocrx_word' id='word_1_76' title='bbox 603 1396 656 1445; x_wconf 92' lang='grc' dir='ltr'>Β.</span> <span class='ocrx_word' id='word_1_77' title='bbox 709 1397 788 1445; x_wconf 78' lang='lat' dir='ltr'>De</span> <span class='ocrx_word' id='word_1_78' title='bbox 819 1413 964 1445; x_wconf 80' lang='lat' dir='ltr'>versu</span> <span class='ocrx_word' id='word_1_79' title='bbox 996 1403 1173 1461; x_wconf 81' lang='lat' dir='ltr'>quarto</span> <span class='ocrx_word' id='word_1_80' title='bbox 1204 1398 1440 1446; x_wconf 80' lang='lat' dir='ltr'>carminis</span> <span class='ocrx_word' id='word_1_81' title='bbox 1470 1398 1714 1462; x_wconf 56' lang='lat' dir='ltr'>supplicis.</span> 
     </span>
    </p>
   </div>
   <div class='ocr_carea' id='block_1_4' title="bbox 378 1497 1941 1645">
    <p class='ocr_par' dir='ltr' id='par_1_5' title="bbox 378 1497 1941 1645">
     <span class='ocr_line' id='line_1_13' title="bbox 443 1497 1941 1562; baseline 0.001 -16"><span class='ocrx_word' id='word_1_82' title='bbox 443 1499 700 1546; x_wconf 87' lang='lat' dir='ltr'>Postremo</span> <span class='ocrx_word' id='word_1_83' title='bbox 734 1497 984 1562; x_wconf 86' lang='lat' dir='ltr'>paulisper</span> <span class='ocrx_word' id='word_1_84' title='bbox 1017 1498 1378 1546; x_wconf 88' lang='lat' dir='ltr'>subsistendum</span> <span class='ocrx_word' id='word_1_85' title='bbox 1413 1509 1492 1547; x_wconf 90' lang='lat' dir='ltr'>est</span> <span class='ocrx_word' id='word_1_86' title='bbox 1524 1499 1572 1547; x_wconf 90' lang='lat' dir='ltr'>in</span> <span class='ocrx_word' id='word_1_87' title='bbox 1606 1516 1753 1548; x_wconf 90' lang='lat' dir='ltr'>versu</span> <span class='ocrx_word' id='word_1_88' title='bbox 1779 1513 1813 1560; x_wconf 84' lang='lat'>4</span> <span class='ocrx_word' id='word_1_89' title='bbox 1839 1515 1941 1549; x_wconf 86' lang='lat' dir='ltr'>car-</span> 
     </span>
     <span class='ocr_line' id='line_1_14' title="bbox 378 1580 1170 1645; baseline -0.003 -15"><span class='ocrx_word' id='word_1_90' title='bbox 378 1581 522 1630; x_wconf 91' lang='lat' dir='ltr'>minis</span> <span class='ocrx_word' id='word_1_91' title='bbox 555 1580 797 1645; x_wconf 91' lang='lat' dir='ltr'>supplicis.</span> <span class='ocrx_word' id='word_1_92' title='bbox 834 1580 999 1645; x_wconf 89' lang='lat' dir='ltr'>Mysta</span> <span class='ocrx_word' id='word_1_93' title='bbox 1034 1580 1170 1628; x_wconf 88' lang='lat' dir='ltr'>dicit:</span> 
     </span>
    </p>
   </div>
   <div class='ocr_carea' id='block_1_5' title="bbox 525 1676 1752 1737">
    <p class='ocr_par' dir='ltr' id='par_1_6' title="bbox 525 1676 1752 1737">
     <span class='ocr_line' id='line_1_15' title="bbox 525 1676 1752 1737; baseline 0.002 -12"><span class='ocrx_word' id='word_1_94' title='bbox 525 1685 683 1726; x_wconf 75' lang='lat' dir='ltr'>nowo&#39;cr</span> <span class='ocrx_word' id='word_1_95' title='bbox 715 1681 757 1724; x_wconf 78' lang='grc' dir='ltr'>δ’</span> <span class='ocrx_word' id='word_1_96' title='bbox 787 1676 877 1725; x_wconf 74' lang='grc' dir='ltr'>αὖτ’</span> <span class='ocrx_word' id='word_1_97' title='bbox 912 1681 1099 1725; x_wconf 72' lang='grc' dir='ltr'>ἄπὲτεισ’</span> <span class='ocrx_word' id='word_1_98' title='bbox 1131 1682 1264 1737; x_wconf 75' lang='grc' dir='ltr'><em>ἔργων</em></span> <span class='ocrx_word' id='word_1_99' title='bbox 1294 1683 1404 1727; x_wconf 72' lang='grc' dir='ltr'><strong><em>ἕνεκ’</em></strong></span> <span class='ocrx_word' id='word_1_100' title='bbox 1436 1685 1530 1727; x_wconf 79' lang='grc' dir='ltr'>οὔτι</span> <span class='ocrx_word' id='word_1_101' title='bbox 1560 1683 1752 1730; x_wconf 74' lang='grc' dir='ltr'>δικαίων.</span> 
     </span>
    </p>
   </div>
   <div class='ocr_carea' id='block_1_6' title="bbox 377 1792 663 1801">
    <p class='ocr_par' dir='ltr' id='par_1_7' title="bbox 377 1792 663 1801">
     <span class='ocr_line' id='line_1_16' title="bbox 377 1792 663 1801; baseline 0 0"><span class='ocrx_word' id='word_1_102' title='bbox 377 1792 663 1801; x_wconf 95' lang='lat' dir='ltr'> </span> 
     </span>
    </p>
   </div>
   <div class='ocr_carea' id='block_1_7' title="bbox 375 1836 1940 3047">
    <p class='ocr_par' dir='ltr' id='par_1_8' title="bbox 377 1836 1940 1955">
     <span class='ocr_line' id='line_1_17' title="bbox 446 1836 1940 1891; baseline 0.001 -13"><span class='ocrx_word' id='word_1_103' title='bbox 446 1837 476 1885; x_wconf 90' lang='grc'>1)</span> <span class='ocrx_word' id='word_1_104' title='bbox 502 1838 564 1878; x_wconf 88' lang='lat' dir='ltr'>Cf.</span> <span class='ocrx_word' id='word_1_105' title='bbox 592 1837 730 1888; x_wconf 88' lang='lat' dir='ltr'>Eurip.</span> <span class='ocrx_word' id='word_1_106' title='bbox 760 1836 927 1889; x_wconf 89' lang='lat' dir='ltr'>Hippol.</span> <span class='ocrx_word' id='word_1_107' title='bbox 944 1850 983 1877; x_wconf 88' lang='lat' dir='ltr'>v.</span> <span class='ocrx_word' id='word_1_108' title='bbox 1003 1848 1079 1889; x_wconf 86' lang='lat'>550</span> <span class='ocrx_word' id='word_1_109' title='bbox 1097 1838 1174 1882; x_wconf 82' lang='grc' dir='ltr'><strong><em>(τὰν</em></strong></span> <span class='ocrx_word' id='word_1_110' title='bbox 1187 1838 1302 1881; x_wconf 71' lang='grc' dir='ltr'>Ἄιδος</span> <span class='ocrx_word' id='word_1_111' title='bbox 1315 1841 1404 1876; x_wconf 77' lang='grc' dir='ltr'><strong><em>ὥστε</em></strong></span> <span class='ocrx_word' id='word_1_112' title='bbox 1415 1842 1582 1891; x_wconf 70' lang='grc' dir='ltr'>Βάκχων),</span> <span class='ocrx_word' id='word_1_113' title='bbox 1606 1840 1768 1880; x_wconf 90' lang='lat' dir='ltr'>Hecub.</span> <span class='ocrx_word' id='word_1_114' title='bbox 1782 1853 1820 1880; x_wconf 84' lang='lat' dir='ltr'>v.</span> <span class='ocrx_word' id='word_1_115' title='bbox 1839 1841 1940 1890; x_wconf 80' lang='lat'><em>1176</em></span> 
     </span>
     <span class='ocr_line' id='line_1_18' title="bbox 377 1901 1740 1955; baseline 0.003 -15"><span class='ocrx_word' id='word_1_116' title='bbox 377 1905 540 1955; x_wconf 71' lang='grc' dir='ltr'>(Βάκχαις</span> <span class='ocrx_word' id='word_1_117' title='bbox 566 1901 713 1952; x_wconf 72' lang='grc' dir='ltr'>Ἃιδου),</span> <span class='ocrx_word' id='word_1_118' title='bbox 750 1904 874 1943; x_wconf 88' lang='lat' dir='ltr'>Herc.</span> <span class='ocrx_word' id='word_1_119' title='bbox 903 1916 939 1942; x_wconf 89' lang='lat' dir='ltr'>v.</span> <span class='ocrx_word' id='word_1_120' title='bbox 972 1916 1219 1953; x_wconf 79' lang='lat'>1119-1122:</span> <span class='ocrx_word' id='word_1_121' title='bbox 1262 1904 1548 1955; x_wconf 85' lang='lat' dir='ltr'>Amphitruoni</span> <span class='ocrx_word' id='word_1_122' title='bbox 1588 1904 1740 1945; x_wconf 90' lang='lat' dir='ltr'>dicenti</span> 
     </span>
    </p>

    <p class='ocr_par' dir='ltr' id='par_1_9' title="bbox 377 1979 1527 2108">
     <span class='ocr_line' id='line_1_19' title="bbox 695 1979 1527 2033; baseline 0.004 -17"><span class='ocrx_word' id='word_1_123' title='bbox 695 1981 725 2016; x_wconf 79' lang='grc' dir='ltr'>εἰ</span> <span class='ocrx_word' id='word_1_124' title='bbox 752 1981 866 2030; x_wconf 77' lang='grc' dir='ltr'><strong><em>μηκέθ’</em></strong></span> <span class='ocrx_word' id='word_1_125' title='bbox 892 1979 1014 2017; x_wconf 58' lang='lat' dir='ltr'>&#39;Attiou</span> <span class='ocrx_word' id='word_1_126' title='bbox 1041 1983 1173 2032; x_wconf 81' lang='grc' dir='ltr'><strong><em>Βάκχος</em></strong></span> <span class='ocrx_word' id='word_1_127' title='bbox 1201 1979 1230 2018; x_wconf 84' lang='grc' dir='ltr'>εἷ</span> <span class='ocrx_word' id='word_1_128' title='bbox 1255 1984 1444 2033; x_wconf 80' lang='grc' dir='ltr'><strong><em>φράσαιμεν</em></strong></span> <span class='ocrx_word' id='word_1_129' title='bbox 1471 1981 1527 2032; x_wconf 76' lang='grc' dir='ltr'>ἄν,</span> 
     </span>
     <span class='ocr_line' id='line_1_20' title="bbox 377 2057 841 2108; baseline -0.002 -11"><span class='ocrx_word' id='word_1_130' title='bbox 377 2058 575 2097; x_wconf 91' lang='lat' dir='ltr'>Hercules</span> <span class='ocrx_word' id='word_1_131' title='bbox 601 2057 841 2108; x_wconf 84' lang='lat' dir='ltr'>respondet:</span> 
     </span>
    </p>

    <p class='ocr_par' dir='ltr' id='par_1_10' title="bbox 377 2135 1532 2264">
     <span class='ocr_line' id='line_1_21' title="bbox 697 2135 1532 2188; baseline 0.006 -18"><span class='ocrx_word' id='word_1_132' title='bbox 697 2136 734 2171; x_wconf 83' lang='grc' dir='ltr'>οὐ</span> <span class='ocrx_word' id='word_1_133' title='bbox 761 2137 828 2186; x_wconf 74' lang='grc' dir='ltr'>γάρ</span> <span class='ocrx_word' id='word_1_134' title='bbox 853 2148 888 2170; x_wconf 86' lang='grc' dir='ltr'>τι</span> <span class='ocrx_word' id='word_1_135' title='bbox 913 2135 1110 2185; x_wconf 78' lang='grc' dir='ltr'><strong><em>βακχεύσας</em></strong></span> <span class='ocrx_word' id='word_1_136' title='bbox 1136 2149 1174 2185; x_wconf 78' lang='grc' dir='ltr'>γε</span> <span class='ocrx_word' id='word_1_137' title='bbox 1200 2137 1374 2186; x_wconf 74' lang='grc' dir='ltr'><strong><em>μέμνημαι</em></strong></span> <span class='ocrx_word' id='word_1_138' title='bbox 1399 2137 1532 2188; x_wconf 76' lang='grc' dir='ltr'><strong><em>φρένας.</em></strong></span> 
     </span>
     <span class='ocr_line' id='line_1_22' title="bbox 377 2210 1361 2264; baseline -0.001 -14"><span class='ocrx_word' id='word_1_139' title='bbox 377 2212 439 2252; x_wconf 84' lang='lat' dir='ltr'>Cf.</span> <span class='ocrx_word' id='word_1_140' title='bbox 467 2225 505 2251; x_wconf 88' lang='lat' dir='ltr'>v.</span> <span class='ocrx_word' id='word_1_141' title='bbox 534 2212 632 2263; x_wconf 87' lang='lat'>613:</span> <span class='ocrx_word' id='word_1_142' title='bbox 659 2212 705 2248; x_wconf 82' lang='grc' dir='ltr'>τὰ</span> <span class='ocrx_word' id='word_1_143' title='bbox 731 2218 868 2261; x_wconf 79' lang='grc' dir='ltr'>μυστῶν</span> <span class='ocrx_word' id='word_1_144' title='bbox 894 2211 927 2248; x_wconf 80' lang='grc' dir='ltr'>δ’</span> <span class='ocrx_word' id='word_1_145' title='bbox 957 2210 1043 2264; x_wconf 75' lang='grc' dir='ltr'>ὄργι’</span> <span class='ocrx_word' id='word_1_146' title='bbox 1069 2212 1236 2263; x_wconf 81' lang='grc' dir='ltr'><strong>ηὑτύχησ’</strong></span> <span class='ocrx_word' id='word_1_147' title='bbox 1266 2212 1361 2253; x_wconf 77' lang='grc' dir='ltr'><strong>ἰδὼν.</strong></span> 
     </span>
    </p>

    <p class='ocr_par' dir='ltr' id='par_1_11' title="bbox 375 2276 1939 2656">
     <span class='ocr_line' id='line_1_23' title="bbox 441 2276 1937 2330; baseline 0.002 -15"><span class='ocrx_word' id='word_1_148' title='bbox 441 2276 623 2328; x_wconf 91' lang='lat' dir='ltr'>Suspicio</span> <span class='ocrx_word' id='word_1_149' title='bbox 649 2276 773 2316; x_wconf 91' lang='lat' dir='ltr'>oritur</span> <span class='ocrx_word' id='word_1_150' title='bbox 799 2277 980 2328; x_wconf 91' lang='lat' dir='ltr'>Euripidi</span> <span class='ocrx_word' id='word_1_151' title='bbox 1008 2277 1162 2317; x_wconf 89' lang='lat' dir='ltr'>domini</span> <span class='ocrx_word' id='word_1_152' title='bbox 1189 2278 1329 2317; x_wconf 90' lang='lat' dir='ltr'>Orcini</span> <span class='ocrx_word' id='word_1_153' title='bbox 1370 2278 1621 2330; x_wconf 89' lang='lat' dir='ltr'>Dionysique</span> <span class='ocrx_word' id='word_1_154' title='bbox 1657 2279 1812 2318; x_wconf 86' lang='lat' dir='ltr'>cultum</span> <span class='ocrx_word' id='word_1_155' title='bbox 1854 2291 1937 2318; x_wconf 89' lang='lat' dir='ltr'>non</span> 
     </span>
     <span class='ocr_line' id='line_1_24' title="bbox 375 2342 1938 2394; baseline 0.001 -13"><span class='ocrx_word' id='word_1_156' title='bbox 375 2342 560 2394; x_wconf 89' lang='lat' dir='ltr'>ignotum</span> <span class='ocrx_word' id='word_1_157' title='bbox 587 2342 708 2381; x_wconf 84' lang='lat' dir='ltr'>fuisse</span> <span class='ocrx_word' id='word_1_158' title='bbox 735 2349 775 2381; x_wconf 90' lang='lat' dir='ltr'>et</span> <span class='ocrx_word' id='word_1_159' title='bbox 803 2355 952 2382; x_wconf 91' lang='lat' dir='ltr'>nomen</span> <span class='ocrx_word' id='word_1_160' title='bbox 981 2356 1020 2394; x_wconf 90' lang='lat' dir='ltr'>q.</span> <span class='ocrx_word' id='word_1_161' title='bbox 1049 2355 1084 2382; x_wconf 90' lang='lat' dir='ltr'>e.</span> <span class='ocrx_word' id='word_1_162' title='bbox 1110 2342 1233 2381; x_wconf 77' lang='grc' dir='ltr'>’Διδου</span> <span class='ocrx_word' id='word_1_163' title='bbox 1260 2346 1393 2394; x_wconf 75' lang='grc' dir='ltr'>Βάκχος</span> <span class='ocrx_word' id='word_1_164' title='bbox 1420 2357 1503 2383; x_wconf 87' lang='lat' dir='ltr'>non</span> <span class='ocrx_word' id='word_1_165' title='bbox 1546 2345 1675 2383; x_wconf 88' lang='lat' dir='ltr'>solum</span> <span class='ocrx_word' id='word_1_166' title='bbox 1718 2343 1938 2394; x_wconf 87' lang='lat' dir='ltr'>hominem,</span> 
     </span>
     <span class='ocr_line' id='line_1_25' title="bbox 376 2407 1938 2459; baseline 0.002 -14"><span class='ocrx_word' id='word_1_167' title='bbox 376 2407 446 2459; x_wconf 93' lang='lat' dir='ltr'>qui</span> <span class='ocrx_word' id='word_1_168' title='bbox 492 2407 688 2446; x_wconf 87' lang='lat' dir='ltr'>Bacchico</span> <span class='ocrx_word' id='word_1_169' title='bbox 729 2408 862 2447; x_wconf 89' lang='lat' dir='ltr'>furore</span> <span class='ocrx_word' id='word_1_170' title='bbox 901 2409 1092 2459; x_wconf 80' lang='lat' dir='ltr'>abreptus</span> <span class='ocrx_word' id='word_1_171' title='bbox 1132 2409 1278 2448; x_wconf 88' lang='lat' dir='ltr'>caedes</span> <span class='ocrx_word' id='word_1_172' title='bbox 1312 2409 1419 2458; x_wconf 88' lang='lat' dir='ltr'>facit,</span> <span class='ocrx_word' id='word_1_173' title='bbox 1447 2410 1519 2448; x_wconf 92' lang='lat' dir='ltr'>sed</span> <span class='ocrx_word' id='word_1_174' title='bbox 1546 2409 1667 2448; x_wconf 86' lang='lat' dir='ltr'>etiam</span> <span class='ocrx_word' id='word_1_175' title='bbox 1694 2408 1938 2449; x_wconf 88' lang='lat' dir='ltr'>initiandum</span> 
     </span>
     <span class='ocr_line' id='line_1_26' title="bbox 376 2472 1939 2524; baseline 0.001 -13"><span class='ocrx_word' id='word_1_176' title='bbox 376 2480 546 2512; x_wconf 87' lang='lat' dir='ltr'>mortem</span> <span class='ocrx_word' id='word_1_177' title='bbox 593 2472 803 2524; x_wconf 87' lang='lat' dir='ltr'>mysticam</span> <span class='ocrx_word' id='word_1_178' title='bbox 850 2486 1084 2524; x_wconf 89' lang='lat' dir='ltr'>perpessum</span> <span class='ocrx_word' id='word_1_179' title='bbox 1125 2474 1370 2524; x_wconf 82' lang='lat' dir='ltr'>significare.</span> <span class='ocrx_word' id='word_1_180' title='bbox 1411 2475 1603 2514; x_wconf 88' lang='lat' dir='ltr'>Ceterum</span> <span class='ocrx_word' id='word_1_181' title='bbox 1652 2475 1703 2513; x_wconf 83' lang='lat' dir='ltr'>cf.</span> <span class='ocrx_word' id='word_1_182' title='bbox 1751 2473 1939 2523; x_wconf 89' lang='lat' dir='ltr'>„Bromio</span> 
     </span>
     <span class='ocr_line' id='line_1_27' title="bbox 376 2538 1936 2591; baseline 0.001 -15"><span class='ocrx_word' id='word_1_183' title='bbox 376 2538 556 2589; x_wconf 83' lang='lat' dir='ltr'>signatae</span> <span class='ocrx_word' id='word_1_184' title='bbox 602 2538 820 2589; x_wconf 86' lang='lat' dir='ltr'>mystides”</span> <span class='ocrx_word' id='word_1_185' title='bbox 861 2538 1008 2589; x_wconf 88' lang='lat' dir='ltr'>quibus</span> <span class='ocrx_word' id='word_1_186' title='bbox 1053 2539 1228 2587; x_wconf 87' lang='lat' dir='ltr'>„Naides</span> <span class='ocrx_word' id='word_1_187' title='bbox 1274 2538 1550 2579; x_wconf 87' lang='lat' dir='ltr'>canistiferae”</span> <span class='ocrx_word' id='word_1_188' title='bbox 1592 2546 1855 2591; x_wconf 87' lang='lat' dir='ltr'>opponuntur</span> <span class='ocrx_word' id='word_1_189' title='bbox 1893 2538 1936 2578; x_wconf 88' lang='lat' dir='ltr'>in</span> 
     </span>
     <span class='ocr_line' id='line_1_28' title="bbox 376 2602 1556 2656; baseline 0.003 -15"><span class='ocrx_word' id='word_1_190' title='bbox 376 2602 664 2653; x_wconf 86' lang='lat' dir='ltr'>epigrammate</span> <span class='ocrx_word' id='word_1_191' title='bbox 691 2603 960 2643; x_wconf 90' lang='lat' dir='ltr'>Macedonico</span> <span class='ocrx_word' id='word_1_192' title='bbox 986 2604 1046 2652; x_wconf 93' lang='lat' dir='ltr'>(C.</span> <span class='ocrx_word' id='word_1_193' title='bbox 1074 2606 1105 2643; x_wconf 91' lang='grc' dir='ltr'>Ι.</span> <span class='ocrx_word' id='word_1_194' title='bbox 1134 2605 1180 2643; x_wconf 93' lang='lat' dir='ltr'>L.</span> <span class='ocrx_word' id='word_1_195' title='bbox 1207 2606 1264 2643; x_wconf 88' lang='lat'>111</span> <span class='ocrx_word' id='word_1_196' title='bbox 1293 2606 1384 2654; x_wconf 87' lang='lat'>686,</span> <span class='ocrx_word' id='word_1_197' title='bbox 1411 2618 1449 2644; x_wconf 79' lang='lat' dir='ltr'>v.</span> <span class='ocrx_word' id='word_1_198' title='bbox 1482 2610 1556 2656; x_wconf 85' lang='lat'>17).</span> 
     </span>
    </p>

    <p class='ocr_par' dir='ltr' id='par_1_12' title="bbox 380 2667 1936 2786">
     <span class='ocr_line' id='line_1_29' title="bbox 441 2667 1936 2720; baseline 0.001 -14"><span class='ocrx_word' id='word_1_199' title='bbox 441 2667 471 2718; x_wconf 70' lang='lat'>2)</span> <span class='ocrx_word' id='word_1_200' title='bbox 498 2670 563 2707; x_wconf 81' lang='lat' dir='ltr'>An</span> <span class='ocrx_word' id='word_1_201' title='bbox 601 2681 668 2708; x_wconf 90' lang='lat' dir='ltr'>eos</span> <span class='ocrx_word' id='word_1_202' title='bbox 704 2668 885 2720; x_wconf 66' lang='grc' dir='ltr'>ᾄδοφοίτας</span> <span class='ocrx_word' id='word_1_203' title='bbox 920 2668 1049 2709; x_wconf 89' lang='lat' dir='ltr'>dictos</span> <span class='ocrx_word' id='word_1_204' title='bbox 1084 2682 1170 2709; x_wconf 92' lang='lat' dir='ltr'>esse</span> <span class='ocrx_word' id='word_1_205' title='bbox 1203 2671 1372 2709; x_wconf 81' lang='lat' dir='ltr'>censes?</span> <span class='ocrx_word' id='word_1_206' title='bbox 1406 2669 1512 2717; x_wconf 84' lang='lat' dir='ltr'>(vide</span> <span class='ocrx_word' id='word_1_207' title='bbox 1540 2669 1743 2720; x_wconf 88' lang='lat' dir='ltr'>Aristoph.</span> <span class='ocrx_word' id='word_1_208' title='bbox 1770 2669 1817 2709; x_wconf 84' lang='lat' dir='ltr'>fr.</span> <span class='ocrx_word' id='word_1_209' title='bbox 1848 2681 1936 2720; x_wconf 88' lang='lat'>149,</span> 
     </span>
     <span class='ocr_line' id='line_1_30' title="bbox 380 2733 1849 2786; baseline 0 -15"><span class='ocrx_word' id='word_1_210' title='bbox 380 2743 454 2783; x_wconf 85' lang='lat'>150</span> <span class='ocrx_word' id='word_1_211' title='bbox 482 2733 613 2782; x_wconf 88' lang='lat' dir='ltr'>Kock,</span> <span class='ocrx_word' id='word_1_212' title='bbox 640 2734 788 2773; x_wconf 90' lang='lat' dir='ltr'>Athen.</span> <span class='ocrx_word' id='word_1_213' title='bbox 817 2735 907 2783; x_wconf 88' lang='lat' dir='ltr'>XII,</span> <span class='ocrx_word' id='word_1_214' title='bbox 934 2745 1022 2785; x_wconf 84' lang='lat'>551,</span> <span class='ocrx_word' id='word_1_215' title='bbox 1050 2735 1077 2773; x_wconf 95' lang='lat' dir='ltr'>b</span> <span class='ocrx_word' id='word_1_216' title='bbox 1106 2741 1146 2774; x_wconf 91' lang='lat' dir='ltr'>et</span> <span class='ocrx_word' id='word_1_217' title='bbox 1172 2736 1223 2774; x_wconf 89' lang='lat' dir='ltr'>cf.</span> <span class='ocrx_word' id='word_1_218' title='bbox 1252 2735 1628 2786; x_wconf 45' lang='lat' dir='ltr'>MaasssOrpheus,</span> <span class='ocrx_word' id='word_1_219' title='bbox 1656 2747 1696 2785; x_wconf 87' lang='lat' dir='ltr'>p.</span> <span class='ocrx_word' id='word_1_220' title='bbox 1729 2733 1849 2784; x_wconf 79' lang='lat'>177⁸.)</span> 
     </span>
    </p>

    <p class='ocr_par' dir='ltr' id='par_1_13' title="bbox 376 2797 1937 3047">
     <span class='ocr_line' id='line_1_31' title="bbox 443 2797 1937 2851; baseline 0.001 -15"><span class='ocrx_word' id='word_1_221' title='bbox 443 2798 473 2846; x_wconf 82' lang='lat'>⁸)</span> <span class='ocrx_word' id='word_1_222' title='bbox 502 2797 782 2849; x_wconf 87' lang='lat' dir='ltr'>Hierophanta</span> <span class='ocrx_word' id='word_1_223' title='bbox 809 2798 880 2850; x_wconf 90' lang='lat' dir='ltr'>qui</span> <span class='ocrx_word' id='word_1_224' title='bbox 906 2799 1167 2850; x_wconf 86' lang='lat' dir='ltr'>Proserpinae</span> <span class='ocrx_word' id='word_1_225' title='bbox 1194 2807 1327 2851; x_wconf 87' lang='lat' dir='ltr'>partes</span> <span class='ocrx_word' id='word_1_226' title='bbox 1354 2799 1437 2851; x_wconf 84' lang='lat' dir='ltr'>egit</span> <span class='ocrx_word' id='word_1_227' title='bbox 1451 2799 1634 2839; x_wconf 87' lang='lat' dir='ltr'>Thurina</span> <span class='ocrx_word' id='word_1_228' title='bbox 1653 2799 1824 2839; x_wconf 91' lang='lat' dir='ltr'>dialecto</span> <span class='ocrx_word' id='word_1_229' title='bbox 1840 2811 1937 2838; x_wconf 86' lang='lat' dir='ltr'>usus</span> 
     </span>
     <span class='ocr_line' id='line_1_32' title="bbox 377 2863 1935 2916; baseline 0.001 -14"><span class='ocrx_word' id='word_1_230' title='bbox 377 2870 448 2912; x_wconf 91' lang='lat' dir='ltr'>est,</span> <span class='ocrx_word' id='word_1_231' title='bbox 488 2876 611 2914; x_wconf 89' lang='lat' dir='ltr'>quam</span> <span class='ocrx_word' id='word_1_232' title='bbox 652 2865 705 2903; x_wconf 93' lang='lat' dir='ltr'>ob</span> <span class='ocrx_word' id='word_1_233' title='bbox 738 2877 902 2903; x_wconf 86' lang='lat' dir='ltr'>causam</span> <span class='ocrx_word' id='word_1_234' title='bbox 929 2877 1092 2904; x_wconf 88' lang='lat' dir='ltr'>carmen</span> <span class='ocrx_word' id='word_1_235' title='bbox 1120 2865 1335 2916; x_wconf 87' lang='lat' dir='ltr'>mysticum</span> <span class='ocrx_word' id='word_1_236' title='bbox 1363 2866 1440 2904; x_wconf 89' lang='lat' dir='ltr'>hac</span> <span class='ocrx_word' id='word_1_237' title='bbox 1467 2864 1639 2904; x_wconf 90' lang='lat' dir='ltr'>dialecto</span> <span class='ocrx_word' id='word_1_238' title='bbox 1665 2863 1935 2916; x_wconf 86' lang='lat' dir='ltr'>compositum</span> 
     </span>
     <span class='ocr_line' id='line_1_33' title="bbox 377 2927 1936 2980; baseline 0.001 -14"><span class='ocrx_word' id='word_1_239' title='bbox 377 2935 436 2967; x_wconf 84' lang='lat' dir='ltr'>est</span> <span class='ocrx_word' id='word_1_240' title='bbox 463 2935 503 2967; x_wconf 90' lang='lat' dir='ltr'>et</span> <span class='ocrx_word' id='word_1_241' title='bbox 529 2927 571 2967; x_wconf 87' lang='lat' dir='ltr'>in</span> <span class='ocrx_word' id='word_1_242' title='bbox 598 2928 747 2967; x_wconf 88' lang='lat' dir='ltr'>lamina</span> <span class='ocrx_word' id='word_1_243' title='bbox 773 2928 956 2968; x_wconf 90' lang='lat' dir='ltr'>Thurina</span> <span class='ocrx_word' id='word_1_244' title='bbox 981 2930 1039 2968; x_wconf 93' lang='lat' dir='ltr'>IV</span> <span class='ocrx_word' id='word_1_245' title='bbox 1069 2930 1287 2969; x_wconf 90' lang='lat' dir='ltr'>nonnullae</span> <span class='ocrx_word' id='word_1_246' title='bbox 1314 2931 1466 2970; x_wconf 84' lang='lat' dir='ltr'>formae</span> <span class='ocrx_word' id='word_1_247' title='bbox 1500 2929 1733 2969; x_wconf 84' lang='lat' dir='ltr'>dialecticae</span> <span class='ocrx_word' id='word_1_248' title='bbox 1764 2928 1936 2980; x_wconf 80' lang='lat' dir='ltr'>scriptae</span> 
     </span>
     <span class='ocr_line' id='line_1_34' title="bbox 376 2993 1935 3047; baseline 0.003 -16"><span class='ocrx_word' id='word_1_249' title='bbox 376 3000 482 3032; x_wconf 91' lang='lat' dir='ltr'>sunt.</span> <span class='ocrx_word' id='word_1_250' title='bbox 512 2995 608 3032; x_wconf 92' lang='lat' dir='ltr'>Huc</span> <span class='ocrx_word' id='word_1_251' title='bbox 636 2994 830 3034; x_wconf 86' lang='lat' dir='ltr'>sermonis</span> <span class='ocrx_word' id='word_1_252' title='bbox 856 2994 1025 3035; x_wconf 81' lang='lat' dir='ltr'>varietas</span> <span class='ocrx_word' id='word_1_253' title='bbox 1051 2996 1262 3035; x_wconf 82' lang='lat' dir='ltr'>referenda</span> <span class='ocrx_word' id='word_1_254' title='bbox 1278 3002 1350 3035; x_wconf 88' lang='lat' dir='ltr'>est.</span> <span class='ocrx_word' id='word_1_255' title='bbox 1369 2995 1475 3035; x_wconf 88' lang='lat' dir='ltr'>Vide</span> <span class='ocrx_word' id='word_1_256' title='bbox 1489 3008 1611 3047; x_wconf 89' lang='lat' dir='ltr'>supra</span> <span class='ocrx_word' id='word_1_257' title='bbox 1631 3008 1721 3047; x_wconf 84' lang='lat' dir='ltr'>cap.</span> <span class='ocrx_word' id='word_1_258' title='bbox 1738 2995 1867 3045; x_wconf 72' lang='lat'>11153</span> <span class='ocrx_word' id='word_1_259' title='bbox 1885 2993 1935 3035; x_wconf 90' lang='lat' dir='ltr'>C.</span> 
     </span>
    </p>
   </div>
  </div>
 </body>
</html>
