2176 3450
1172 361 1236 418 64

421 508 607 546 sectam
634 505 831 545 secutos
856 511 968 544 esse
991 504 1042 542 et
1061 493 1333 542 eorundem
1353 492 1699 557 mysteriorum
1724 492 1990 557 participes

421 581 587 629 fuisse.
609 579 737 628 Cum
756 587 951 627 constet
967 577 1253 626 laminarum
1273 575 1653 640 discrepantiam
1667 575 1733 624 ad
1745 576 1988 625 variarum

420 673 667 712 sectarum
685 661 1010 709 differentiam
1029 674 1127 707 non
1143 658 1456 707 referendam
1470 674 1599 716 esse,
1612 658 1775 706 denuo
1787 668 1989 724 rogatur

421 763 572 811 quam
607 746 673 794 ob
708 760 911 792 causam
945 760 1069 790 unus
1102 751 1265 806 mysta
1298 741 1538 807 gloriatus
1571 741 1636 789 sit
1663 757 1720 790 se
1748 741 1896 790 deum
1925 757 1988 790 ex

421 829 622 878 homine
662 827 843 875 factum
885 842 1013 884 esse,
1056 824 1181 874 alter
1220 825 1431 889 supplex
1472 823 1745 872 Inferorum
1785 824 1989 890 reginae

419 911 774 976 benignitatem
787 909 1037 957 invocarit.
1049 907 1163 970 Quo
1175 908 1328 956 modo
1342 907 1437 956 hoc
1450 908 1682 973 aenigma
1694 907 1988 956 solvendum

421 995 485 1043 sit
502 1005 554 1042 ut
577 993 896 1058 reperiamus,
923 993 988 1040 de
1013 991 1217 1056 singulis
1242 991 1536 1040 carminibus
1561 990 1713 1039 fusius
1737 990 1988 1056 agendum

422 1087 513 1127 est.
545 1077 682 1125 Prius
713 1092 911 1124 carmen
942 1075 981 1122 B
1011 1085 1063 1123 et
1092 1074 1149 1133 C,
1181 1075 1315 1138 quod
1338 1074 1545 1138 supplex
1568 1073 1784 1138 appello,
1809 1073 1990 1123 deinde

422 1177 620 1210 carmen
639 1160 702 1218 A,
723 1159 859 1223 quod
877 1159 1126 1222 mysticum
1145 1158 1270 1216 dico,
1290 1167 1502 1206 tractare
1520 1157 1636 1206 volo
1654 1179 1665 1215 3
1684 1167 1941 1221 postremo
1955 1158 1989 1220 1)

422 1245 765 1292 demonstrare
804 1242 1110 1306 propositum
1152 1251 1241 1299 est,
1285 1258 1385 1306 quo
1425 1241 1578 1289 modo
1621 1239 1801 1289 factum
1842 1240 1904 1289 sit
1936 1250 1990 1288 ut

421 1326 638 1375 carmina
671 1334 932 1389 tantopere
966 1325 1093 1373 inter
1127 1341 1183 1372 se
1217 1324 1463 1373 differant.

491 1464 522 1517 1)
548 1464 690 1503 Nullus
707 1462 903 1513 interpres
916 1461 1090 1501 coniecit
1103 1462 1144 1500 in
1160 1461 1358 1512 mysteriis
1371 1461 1562 1501 Thurinis
1576 1461 1705 1501 varios
1718 1460 1990 1502 initiationum

421 1531 570 1582 gradus
597 1528 731 1578 fuisse,
758 1534 916 1579 praeter
943 1540 1070 1566 unum
1094 1527 1381 1576 Dieterichum,
1403 1527 1475 1578 qui
1488 1527 1616 1567 obiter
1629 1526 1734 1567 dixit
1748 1525 1990 1573 (Mithraslit.

422 1609 462 1647 p.
493 1597 603 1645 171):
633 1593 776 1646 ,,ἕριφοι,
804 1593 952 1632 nehme
977 1592 1043 1631 ich
1070 1606 1135 1640 an,
1165 1606 1273 1632 muss
1302 1593 1374 1631 der
1400 1595 1531 1632 Name
1559 1592 1669 1634 einer
1696 1592 1991 1644 Mystenklasse

421 1673 606 1712 gewesen
647 1659 745 1708 sein,
787 1659 891 1698 eben
928 1659 999 1697 der
1026 1659 1234 1707 hochsten‚
1263 1658 1329 1697 die
1354 1671 1402 1697 zu
1431 1659 1502 1698 der
1530 1657 1668 1698 Weihe
1695 1657 1768 1698 der
1795 1658 1991 1698 Unsterb-

421 1725 584 1766 lichkeit
617 1725 849 1776 zugelassen
886 1723 1055 1772 waren,'’
1093 1724 1165 1763 sed
1202 1725 1305 1763 hanc
1340 1723 1619 1775 quaestionem
1653 1735 1736 1763 non
1764 1722 1990 1763 accuratius

423 1790 691 1830 examinavit..
733 1788 836 1828 Mihi
877 1796 1013 1828 autem
1049 1802 1286 1840 persuasum
1315 1798 1375 1828 est
1402 1788 1519 1828 variis
1546 1788 1738 1840 gradibus
1765 1787 1990 1829 carminum

422 1854 735 1907 discrepantiam
744 1854 881 1894 deberi
886 1869 898 1905 3
917 1854 1029 1905 quod
1043 1867 1116 1894 suo
1132 1854 1222 1893 loco
1238 1856 1343 1905 (cap.
1359 1853 1415 1893 VI
1429 1858 1448 1902 5
1467 1859 1506 1901 1)
1520 1853 1881 1894 demonstrandum
1897 1852 1989 1895 erit.
