2176 3450
1058 366 1075 398 1
1085 354 1147 399 66

1034 485 1159 535 XIII.

382 614 539 664 Cassii
602 613 844 662 Heminae
900 614 1229 677 fragmentum
1282 609 1541 659 Annalium
1593 610 1622 658 1.
1667 610 1734 659 IV
1785 627 1881 670 „ex

315 697 484 747 Tiberi
527 696 654 746 lacte
700 695 922 744 haurire”
978 695 1122 757 (Non.
1160 710 1198 742 s.
1222 711 1268 741 v.
1302 693 1431 742 lacte
1464 710 1512 757 p.
1547 694 1671 756 4833
1717 694 1879 754 Peter',

315 781 396 829 Fr.
438 781 501 828 H.
549 779 604 827 R.
654 781 734 842 36)
786 778 853 826 ita
910 775 1331 840 interpretandum
1387 785 1464 824 est
1517 786 1570 824 ut
1622 775 1881 827 historicus

315 863 532 912 Bacchas
571 879 633 910 ex
667 861 837 910 Tiberi
873 859 948 908 lac
983 859 1264 908 haurientes
1298 858 1479 907 fecerit.

1028 1064 1159 1115 XIV.

373 1188 631 1254 juvenalis,
679 1204 710 1235 a
753 1204 853 1251 quo
899 1187 945 1234 in
992 1185 1234 1234 miraculis
1277 1185 1467 1250 positus
1505 1195 1583 1234 est
1617 1185 1734 1250 (Sat.
1769 1185 1879 1235 XIII

315 1287 360 1320 v.
396 1276 562 1334 69s7o)
579 1290 587 1319 :

1526 1368 1683 1401 amnls

520 1438 795 1504 gurgitibus
830 1437 965 1486 miris
998 1446 1049 1485 et
1082 1436 1221 1485 lactis
1254 1435 1439 1485 vertice
1473 1445 1681 1494 torrens,

315 1558 380 1607 ad
414 1557 656 1606 Baccheia
691 1556 913 1605 allusisse
948 1555 1064 1606 mihi
1098 1555 1305 1603 videtur.

1045 1751 1155 1800 XV.

379 1873 535 1923 Tacit.
581 1873 711 1920 Ann.
757 1871 830 1930 ΙΙΙ,
887 1885 943 1934 55
1010 1881 1304 1935 „postquam
1354 1871 1588 1920 caedibus
1637 1871 1878 1920 saevitum

315 1967 366 2006 et
409 1956 697 2022 magnitudo
742 1954 907 2003 famae
952 1954 1101 2003 exitio
1147 1963 1254 2002 erat
1298 1954 1443 2002 ceteri
1478 1954 1543 2002 ad
1575 1954 1877 2019 sapientiora

315 2038 634 2089 convertere”

379 2140 470 2187 pro
503 2122 647 2171 ceteri
674 2121 868 2187 legatur
899 2122 1014 2170 seri.

1029 2311 1161 2360 XVI.

379 2431 537 2482 Tacit.
581 2431 709 2479 Hist.
753 2430 830 2489 111,
879 2447 936 2479 22
986 2430 1243 2490 „ordinem
1287 2430 1499 2496 agminis
1543 2430 1752 2494 dispersi
1786 2447 1879 2496 per
1958 2468 1961 2469 γ

314 2516 447 2564 iram
480 2525 531 2563 et
562 2515 796 2563 tenebras
831 2515 1128 2563 adseverare
1163 2530 1261 2562 non
1297 2513 1484 2562 ausim”

380 2616 471 2664 pro
504 2599 636 2647 iram
669 2598 862 2664 legatur
894 2599 1037 2646 viam.

1020 2787 1170 2836 XVII.

381 2907 538 2956 Prave
584 2907 756 2956 -Maass
785 2907 1008 2972 -negavit
1057 2906 1245 2955 Livium
1296 2907 1372 2969 (L.
1427 2922 1503 2969 39,
1555 2923 1597 2955 c.
1656 2922 1715 2957 10
1763 2908 1796 2972 ξ
1845 2921 1872 2956 2

315 2989 517 3039 Bacchis
544 2990 735 3055 initiari)
764 2991 968 3039 verbum
996 2990 1195 3039 initiare
1214 3007 1327 3040 cum
1344 2990 1512 3040 dativo
1529 2990 1874 3039 construxisse.
