2176 3450
1150 374 1214 419 44

460 496 718 544 Postremo
736 496 1053 544 observatum
1067 493 1183 542 volo
1198 493 1499 558 Hesychium
1519 510 1615 542 una
1633 510 1742 542 cum
1759 494 1959 544 nomine

394 580 560 642 ἐρίφων
585 579 731 627 etiam
751 578 1154 626 caerimoniarum
1172 576 1423 640 quoddam
1447 593 1606 642 genus
1626 577 1960 640 ,,ε’ριφιη’ματα”

397 678 720 726 nuncupasse.
742 661 1001 723 Quaenam
1021 660 1144 707 haec
1162 658 1365 721 δρώμενα
1389 659 1578 718 fuerint,
1599 676 1698 708 non
1717 659 1957 717 narravit3

395 745 603 793 fortasse
654 745 798 806 ἔριφοι
849 742 1238 790 immolabantur.
1291 741 1404 790 Non
1455 742 1546 790 abs
1596 759 1652 791 re
1689 759 1802 791 esse
1843 742 1959 791 mihi

395 827 588 876 videtur
616 827 663 875 in
691 835 905 874 mentem
933 841 1185 881 revocare,
1215 824 1364 872 fuisse
1391 825 1525 889 qui1)
1549 825 1769 874 dicerent
1785 825 1959 890 Pytha·

395 927 570 975 goram
605 909 708 958 aliis
742 908 994 957 sacrificiis
1025 925 1167 956 usum
1197 924 1309 956 esse
1338 907 1561 956 inanimis
1587 909 1678 956 sed
1698 919 1960 973 praeterea

394 993 621 1055 ἄλέκτορσι
644 989 774 1050 μόνον
799 996 869 1038 καὶ
896 991 1070 1053 ἐρίφοις
1092 994 1164 1038 καὶ
1189 994 1468 1054 γαλαθηνοῖς.
1514 989 1667 1053 Quod
1703 991 1960 1056 Diogenes

395 1074 622 1131 narravit,
652 1090 865 1138 quocum
896 1073 1179 1121 Aristoxeni
1207 1073 1539 1122 testimonium
1563 1074 1810 1123 consentit
1827 1074 1910 1138 qui
1925 1076 1959 1138 ¹)

394 1158 547 1206 refert
571 1157 903 1222 Pythagoram
930 1156 1174 1220 „porculis
1198 1173 1398 1220 quoque
1423 1157 1701 1206 minusculis
1718 1167 1769 1206 et
1786 1157 1960 1207 haedis

395 1240 724 1289 tenerioribus
781 1240 1078 1288 victitasse.‘’
1139 1239 1328 1288 Gellius
1385 1257 1486 1288 uno
1542 1249 1717 1289 tenore
1772 1241 1957 1306 pergit:

396 1323 590 1385 „Quam
609 1339 713 1371 rem
732 1323 926 1371 videtur
944 1322 1242 1388 cognovisse
1261 1340 1289 1371 e
1308 1321 1589 1387 Xenophilo
1613 1323 1959 1389 Pythagorico,

394 1406 611 1455 familiari
635 1423 741 1463 suo,
760 1415 812 1454 et
829 1423 891 1454 ex
910 1405 1203 1470 quibusdam
1223 1405 1328 1455 aliis
1348 1416 1464 1454 natu
1484 1406 1765 1465 maioribus,
1790 1407 1872 1471 qui
1895 1407 1960 1456 ab

395 1499 558 1538 aetate
582 1489 896 1554 Pythagorae
921 1487 1101 1555 [minus
1110 1491 1146 1553 ⁸)
1171 1489 1255 1536 diu
1274 1489 1547 1552 aberant].’'
1568 1489 1748 1538 Mirum
1766 1490 1959 1539 videtur

394 1572 753 1638 Pythagoricos
804 1572 908 1621 aliis
959 1572 1251 1621 animalibus
1303 1573 1587 1636 pepercisse
1637 1573 1729 1621 sed
1778 1575 1962 1636 ἐρίφους

395 1656 664 1719 excepisse.
707 1655 888 1704 Nonne
925 1655 1140 1720 suspicio
1180 1656 1330 1704 oritur
1372 1656 1628 1714 thiasotas,
1674 1656 1958 1720 ceteroquin

394 1739 604 1802 ἐμυψχιῦν
628 1739 884 1797 ἀπέχοντας,
928 1755 1123 1787 sacrum
1163 1738 1344 1787 animal
1391 1738 1671 1787 immolasse
1710 1748 1762 1788 et
1800 1755 1960 1788 come-

394 1821 552 1870 disse?
603 1821 707 1870 Sed
753 1821 829 1870 hic
887 1822 1084 1886 quidem
1151 1821 1286 1870 locus
1348 1821 1568 1870 concludi
1619 1822 1714 1870 iam
1775 1831 1958 1887 potest.

394 1904 732 1952 Lustravimus
776 1905 906 1953 enim
951 1905 1077 1953 deos
1120 1921 1151 1953 a
1194 1904 1416 1953 thiasotis
1461 1905 1619 1954 cultos
1663 1915 1714 1953 et
1753 1905 1960 1954 vidimus

395 2004 484 2036 eos
534 2003 632 2035 non
684 1988 840 2036 solum
888 1987 1158 2036 Inferorum
1211 1988 1446 2053 reginam,
1503 1988 1736 2047 nuntium,
1787 2005 1959 2054 regem

395 2071 667 2128 invocasse,
697 2071 787 2119 sed
817 2071 966 2119 etiam
999 2071 1206 2135 Dionysi
1234 2071 1470 2135 mysteria
1498 2071 1794 2120 celebrasse.
1831 2070 1959 2120 Nam

394 2154 518 2202 sicut
561 2155 607 2201 in
652 2153 862 2203 Graecia
904 2164 954 2202 et
997 2153 1132 2202 Italia
1171 2154 1311 2202 huius
1354 2154 1435 2202 dei
1471 2164 1662 2218 mystae
1697 2154 1881 2203 Bakchi
1909 2164 1961 2204 et

395 2237 623 2285 Bakchae
664 2236 1055 2301 appellabantur,
1097 2237 1164 2285 ita
1201 2247 1392 2300 mystae
1426 2236 1628 2285 Thurini
1662 2238 1809 2300 ἔριφοι
1843 2255 1959 2286 nun-

395 2320 555 2383 cupati
589 2337 700 2368 esse
729 2320 967 2368 videntur.

462 2397 624 2445 Unum
644 2407 830 2445 tantum
849 2397 1036 2446 addere
1054 2397 1185 2446 volo.
1209 2397 1336 2446 Cum
1356 2398 1606 2462 Dionysus
1625 2397 1740 2446 olim
1758 2414 1788 2446 a
1805 2398 1959 2447 Meta·

395 2480 608 2543 pontinis
659 2480 859 2529 nomine
901 2481 1055 2543 ἔριφος
1098 2481 1254 2529 cultus
1293 2482 1368 2538 sit,
1411 2481 1617 2545 Gruppe
1654 2481 1720 2529 ita
1752 2481 1957 2530 iudicat:

398 2562 664 2619 „Indessen
706 2563 815 2611 sind
857 2563 986 2611 doch
1021 2563 1157 2612 diese
1192 2564 1589 2612 unteritalischen
1618 2564 1844 2628 Orphika
1871 2569 1957 2624 (sc.

395 2631 794 2694 versus'laminis
829 2646 1060 2710 inscripti)
1097 2664 1198 2712 eng
1232 2647 1318 2695 mit
1358 2647 1588 2712 dortigen
1631 2646 1958 2696 Lokalkulten

464 2747 492 2796 1)
521 2746 723 2798 Diogenes
750 2748 882 2788 Laert.
911 2749 1020 2797 VIII,
1052 2762 1114 2788 20.

461 2811 490 2857 2)
518 2811 682 2860 Gellius,
711 2812 777 2851 cui
804 2813 1034 2853 Aristouexi
1061 2814 1160 2852 liber
1189 2814 1240 2852 de
1279 2814 1507 2865 Pythagora
1547 2822 1706 2865 praesto
1748 2813 1835 2863 fuit,
1878 2814 1956 2853 hoc

395 2876 581 2925 narravit,
611 2878 682 2924 IV,
715 2890 780 2926 113
817 2879 868 2917 cf.
897 2879 1046 2918 Athen.
1076 2879 1115 2917 X
1148 2892 1207 2929 13,
1236 2879 1329 2928 418,
1359 2892 1393 2918 e.

462 2940 494 2990 ³)
523 2942 658 2980 Verba
693 2943 878 2982 cancellis
913 2942 1068 2982 inclusa
1100 2944 1238 2982 addita
1271 2952 1366 2983 sunt
1401 2943 1443 2983 in
1477 2943 1607 2984 Caroli
1639 2943 1755 2983 Hosii
1782 2942 1960 2983 editione

397 3006 445 3054 (Ι,
473 3018 513 3055 p·
547 3006 649 3057 197)-

2138 1070 2146 1086 ,ι
2161 1067 2163 1070 ,

2138 1087 2152 1097 μ

2174 1213 2176 1228 ι

2150 1235 2163 1250 ’.ε
2175 1234 2176 1253 ῑ

2139 1274 2176 1290 1,

2140 1414 2144 1422 1
2153 1396 2166 1428 1¹·

2141 1426 2162 1454 ⁴4¹

2152 1459 2163 1470 :⁴7

2149 1509 2167 1538 ³,

2152 1690 2169 1718 Ψ.

2154 1717 2171 1738 ῃ

2148 1783 2151 1791 ⁴
2162 1796 2169 1807 ἶ
