2176 3450
994 397 1077 444 ¹31

258 525 391 574 haud
440 523 606 588 inepte
654 520 870 571 conferri
918 535 1069 584 posse
1117 535 1228 567 cum
1278 516 1530 567 vocabulis
1565 519 1632 572 εἰς
1661 520 1826 578 γένεσιν

258 611 436 656 πίπτειν
477 606 654 671 quibus
704 603 1004 669 Porphyrius
1048 618 1167 650 usus
1211 611 1289 649 est
1332 600 1398 649 de
1448 600 1726 650 hominibus
1778 600 1827 651 in

259 690 491 739 nascendi
516 688 847 738 conditionem
870 685 1194 735 venientibus.
1221 683 1445 747 Quarum
1469 684 1676 733 duarum
1701 684 1829 734 locu·

257 773 446 824 tionum
474 771 756 837 analogiam
781 769 981 819 Delatte
1004 784 1283 834 agnoscens
1307 777 1358 816 et
1380 767 1625 818 adnotans
1652 767 1829 832 Pytha-

258 873 443 922 goreos
493 854 761 904 credidisse
811 853 998 902 animas
1047 851 1186 901 lactis
1236 850 1485 900 desiderio
1537 851 1584 899 in
1641 861 1828 901 terram

259 939 580 997 descendere,
605 954 669 987 eo
693 936 919 1002 pervenit
946 945 1000 984 ut
1027 934 1354 984 contenderet
1365 936 1398 999 1)
1416 934 1465 982 in
1495 933 1660 1001 lingua
1689 952 1831 985 sacra

260 1025 354 1081 „229
368 1024 481 1083 γάλα
494 1019 696 1070 ulmea?
727 1019 939 1084 positum
975 1034 1089 1068 esse
1122 1034 1214 1082 pro
1251 1020 1348 1076 „els-
1359 1020 1523 1078 γένεσιν
1539 1018 1747 1066 datust
1776 1028 1831 1069 et

260 1104 374 1155 nihil
409 1103 499 1153 nisi
535 1102 728 1160 „nasci”
764 1101 1062 1168 significare.

324 1188 606 1237 Secundum
623 1186 754 1235 hunc
770 1186 1089 1250 interpretem
1123 1185 1288 1233 anima
1322 1185 1465 1243 deae,
1502 1202 1631 1250 quae
1665 1186 1830 1252 dixit1)

258 1271 371 1327 θεὸς
391 1274 538 1332 ἐγένου
561 1272 611 1330 ἐξ
634 1267 894 1332 ανθρώπου,
930 1267 1204 1332 respondet
1243 1268 1538 1332 apotheosin
1579 1268 1693 1318 nihil
1739 1269 1831 1320 nisi

259 1370 434 1403 munus
467 1352 557 1402 sibi
590 1352 810 1402 debitum
837 1367 964 1409 esse,
992 1360 1264 1416 propterea
1291 1351 1442 1416 quod,
1473 1368 1584 1401 cum
1610 1369 1831 1403 nascere·

260 1448 351 1495 tur,
376 1436 529 1500 ἔριφος
561 1445 710 1495 esset,
735 1451 899 1500 neque
924 1445 1096 1484 nostra
1120 1433 1329 1484 formula
1352 1435 1418 1484 ab
1442 1434 1583 1484 huius
1600 1436 1832 1486 carminis

260 1537 406 1569 versu
441 1534 469 1582 3
505 1524 577 1568 καὶ
600 1518 683 1583 γοῖρ
708 1520 815 1580 ἐγὼν
837 1518 959 1578 ὐμῶν
982 1522 1102 1577 γένος
1129 1518 1276 1578 ὄλβιον
1299 1518 1481 1578 εὔχομαι
1504 1518 1627 1578 εἶμεν
1649 1519 1828 1570 discre-

260 1613 369 1669 pat3
405 1619 555 1668 quam
585 1602 870 1666 opinionem
900 1601 1035 1650 hisce
1064 1601 1170 1650 sere
1197 1601 1563 1667 complectitur:
1597 1603 1704 1662 „Ce
1724 1615 1832 1655 mot

260 1686 326 1736 de
360 1702 509 1751 passe
539 1685 666 1734 n’est
692 1685 822 1733 donc
849 1683 932 1749 qu'
961 1701 1061 1734 une
1088 1685 1312 1734 variante
1334 1686 1426 1735 des
1454 1697 1622 1738 autres
1644 1689 1832 1754 procla-

261 1769 476 1819 mations
519 1769 584 1817 de
617 1767 764 1817 l'Ame
797 1769 878 1833 qui
911 1784 968 1817 se
1002 1770 1237 1833 presente
1271 1770 1458 1818 devant
1490 1770 1564 1820 les
1596 1772 1832 1838 gardiens

261 1853 326 1902 de
359 1852 408 1901 la
441 1868 640 1900 source:
677 1851 816 1914 αὐτάρ
841 1853 939 1905 ἐμοὶ
961 1854 1082 1912 γένος
1105 1851 1318 1914 οὐράνιον,
1336 1853 1439 1901 τόδε
1456 1853 1600 1903 δ’ἵστε
1617 1860 1690 1904 καὶ
1707 1857 1834 1906 αὐτοὶ

261 1935 393 2001 (lam.
429 1934 531 1984 Pet.
556 1952 603 1983 v.
631 1936 679 1998 7)
714 1943 766 1983 et
799 1933 984 1983 devant
1016 1933 1090 1984 les
1124 1934 1272 1984 dieux
1300 1935 1365 1984 de
1398 1935 1613 2002 l’Elysee
1645 1944 1718 1988 καὶ
1747 1941 1832 2004 γᾶρ

261 2019 369 2079 ἐγών
398 2022 537 2067 καλ..
554 2055 564 2066 .
585 2056 597 2066 .
618 2055 629 2066 .
666 2017 808 2066 Dans
830 2027 973 2067 notre
1002 2017 1225 2076 formale,
1255 2019 1286 2067 a
1302 2017 1350 2068 la
1366 2036 1628 2084 promesse
1644 2020 1831 2072 divine:

266 2101 378 2157 Θεὸς
398 2100 545 2160 ἐγένου
568 2103 618 2161 ἐξ
641 2099 884 2162 ἀνθρώπου
908 2100 1056 2150 l'ame
1090 2102 1283 2166 repond
1317 2103 1399 2167 qu’
1435 2102 1530 2153 elle
1551 2105 1683 2154 avait
1699 2105 1833 2156 droit

262 2185 293 2233 a
336 2185 443 2234 ἐπε
487 2200 634 2243 reque
679 2183 804 2233 dans
847 2183 895 2233 le
937 2184 1118 2233 choeur
1161 2185 1254 2234 des
1293 2185 1518 2236 divinites
1551 2204 1700 2252 parce
1733 2206 1832 2254 que

262 2267 304 2316 si
315 2266 411 2316 elle
423 2278 501 2316 est
510 2268 712 2317 tombee
728 2267 819 2317 ala
835 2268 1126 2333 generation
1144 2269 1209 2333 (ἐς
1233 2266 1327 2329 yokz‘
1349 2270 1507 2319 ἕπετον
1525 2273 1832 2337 correspond

332 2458 361 2507 ¹)
389 2459 548 2499 Delatte
574 2457 750 2510 scripsit:
779 2458 975 2506 „Comme
1002 2458 1160 2510 d’apres
1187 2459 1226 2499 la
1246 2460 1399 2500 theorie
1419 2461 1836 2515 orphico-pythagori-

263 2523 421 2573 cienne,
447 2523 546 2564 c’est
572 2524 611 2563 le
637 2523 743 2564 denir
769 2524 825 2564 du
852 2523 920 2563 lait
946 2523 1017 2576 qui
1043 2537 1166 2565 cause
1192 2525 1230 2565 la
1260 2526 1384 2566 chnte
1418 2527 1490 2567 des
1526 2529 1637 2568 ames
1672 2529 1833 2581 (Porph.

263 2590 383 2629 Amr.
409 2589 589 2641 Nymph.
619 2590 669 2628 28
695 2589 789 2629 vide
824 2602 958 2642 supra,
996 2590 1156 2631 Proclus
1190 2596 1259 2629 τῶν
1294 2599 1470 2630 moveam
1502 2594 1551 2637 εἰς
1585 2595 1714 2644 γόησιν
1749 2592 1835 2633 cim

265 2656 358 2707 γάλα
384 2657 446 2697 τὴν
473 2659 609 2709 πρύτην
635 2661 770 2709 τροφήν,
806 2655 1050 2706 Macrobius,
1078 2656 1119 2696 in
1147 2657 1285 2698 Somn.
1314 2659 1379 2700 Sc,
1406 2660 1437 2708 1,
1471 2661 1545 2710 12),
1581 2673 1636 2700 on
1672 2661 1835 2710 coucoit

264 2733 346 2773 que
373 2721 475 2761 dans
502 2722 540 2760 1⁸
566 2722 715 2773 langue
741 2721 962 2773 religieux,
990 2722 1061 2774 qui
1097 2730 1158 2762 est
1185 2723 1402 2764 volontiers
1429 2724 1598 2777 imagee‚
1625 2728 1761 2765 πίπτειν
1787 2728 1835 2771 eie

263 2787 368 2837 γάλα,
402 2787 559 2828 tomber
585 2799 675 2827 vern
701 2787 739 2827 le
765 2787 846 2837 hit,
887 2799 991 2839 pour
1030 2787 1142 2828 boire
1172 2788 1209 2828 le
1239 2788 1321 2839 hit,
1353 2789 1409 2830 ait
1443 2803 1499 2842 pu
1532 2793 1619 2832 etre
1649 2793 1836 2845 employe

264 2863 424 2892 comme
452 2865 533 2893 une
559 2852 740 2893 variante
767 2853 820 2893 de
845 2855 980 2891 πίπτειν
1007 2854 1053 2896 εἰς
1080 2853 1248 2904 7έκσιυ.”

333 2916 365 2966 ¹)
391 2917 551 2958 Delatte
578 2930 701 2970 prave
726 2917 824 2960 citat
850 2918 1164 2959 affirmationem
1200 2932 1323 2972 quam
1367 2920 1633 2973 hierophanta
1664 2921 1706 2963 in
1740 2922 1836 2964 lam.

264 2982 392 3022 Thur.
419 2983 478 3022 lv
505 2982 708 3033 enuntiat5
744 2984 854 3035 legas
878 2984 979 3024 deae
1005 2984 1312 3036 promissionem
1346 2986 1401 3039 (la
1428 2999 1632 3038 promesse
1660 2987 1835 3040 divine„

266 3046 341 3090 θεὸς
363 3046 398 3085 δ’
418 3046 481 3101 ἴσῃ
498 3049 575 3087 ἀντὶ
592 3049 741 3101 βροτοῖο.
