2176 3450
1154 362 1218 421 48

403 507 600 545 mortuo
645 497 855 545 dicenda
901 507 953 544 ut
997 497 1062 545 ad
1107 498 1363 545 beatorum
1406 498 1554 547 sedes
1587 499 1882 558 admittatur,
1917 499 1966 550 in

402 580 581 629 lamina
611 579 827 636 Petilina,
864 579 1077 638 Cretica,
1119 580 1340 628 Thurina
1381 591 1556 644 quarta
1596 593 1862 647 praecepta
1901 583 1966 633 de

403 665 481 712 via
515 664 580 711 ad
613 663 802 711 Inseros
837 663 1045 711 ducente
1080 663 1323 728 legantur.

468 745 835 795 Radermacher
848 747 880 808 1)
899 755 1066 794 autem
1086 746 1250 793 omnia
1268 746 1483 795 carmina
1502 764 1564 796 ex
1583 765 1681 796 uno
1693 748 1966 814 archetypo

401 830 647 893 descripta
666 845 779 876 esse
799 838 949 893 negat
967 838 1017 876 et
1035 828 1297 876 arbitratur
1315 845 1489 878 versus
1507 829 1695 879 laminis
1707 831 1965 896 inscriptos

401 931 462 962 ex
508 913 703 960 duobus
746 911 1040 959 carminibus
1088 911 1317 975 Orphicis
1362 923 1585 976 sumptos
1631 930 1768 973 esse3
1816 931 1964 979 quam

399 996 692 1045 sententiam
729 995 853 1042 hunc
890 995 936 1042 in
972 993 1173 1042 modum
1208 995 1386 1043 edixit:
1426 995 1580 1053 „Eine
1624 997 1964 1062 gemeinsame

399 1079 599 1127 Urform
636 1078 713 1125 fiir
748 1077 841 1126 alle
876 1077 982 1126 drei
1016 1077 1311 1142 Fassungen
1345 1095 1551 1144 vermag
1575 1080 1653 1128 ich
1677 1080 1809 1128 nicht
1826 1097 1963 1129 anzu-

398 1164 627 1219 nehmen,
673 1162 890 1210 sondern
937 1161 1119 1209 rechne
1166 1161 1252 1208 mit
1291 1161 1408 1210 zwei
1442 1161 1630 1210 alteren
1665 1163 1962 1227 orphischen

398 1246 688 1303 Gedichten,
724 1261 822 1292 von
858 1244 1019 1292 denen
1054 1244 1143 1292 das
1178 1244 1290 1292 eine
1326 1245 1373 1292 in
1409 1247 1520 1305 641,
1551 1261 1574 1292 2
1605 1246 1705 1294 und
1735 1262 1762 1308 3
1793 1248 1960 1310 (carm.

397 1330 434 1377 B
470 1340 520 1377 et
554 1328 615 1388 C)
650 1327 867 1376 ziemlich
909 1328 1013 1375 rein
1060 1327 1279 1376 erhalten
1317 1328 1393 1385 ist,
1422 1328 1658 1377 w'ahrend
1689 1330 1780 1377 das
1795 1330 1963 1378 zweite

395 1413 476 1462 bei
497 1413 586 1460 der
615 1411 1012 1459 Kontamination
1032 1415 1142 1470 641,
1182 1426 1198 1458 1
1236 1411 1436 1458 benutzt
1465 1411 1677 1460 wurde.”
1709 1411 1913 1476 Gruppe
1927 1414 1961 1476 ⁸)

396 1506 561 1545 autern
608 1494 835 1543 Kaibelio
881 1494 1166 1557 astipulatur
1213 1503 1264 1541 et
1297 1494 1443 1541 trium
1479 1494 1751 1542 tabularum
1786 1495 1962 1544 discre-

394 1580 614 1643 pantiam
659 1595 864 1641 prorsus
910 1577 1092 1625 eodem
1138 1577 1293 1625 refert
1336 1577 1463 1625 hunc
1498 1578 1546 1625 in
1582 1578 1808 1626 modum:
1847 1578 1961 1637 „die

394 1661 676 1711 Inschriften
722 1661 955 1708 scheinen
1001 1661 1278 1708 besonders
1322 1660 1540 1709 beliebte
1586 1662 1710 1709 oder
1750 1661 1828 1709 fiir
1861 1662 1959 1711 den

393 1746 558 1794 Toten
599 1744 843 1808 wichtige,
879 1743 1123 1791 vielleicht
1158 1743 1281 1791 auch
1317 1743 1393 1791 fiir
1429 1743 1523 1791 den
1562 1743 1960 1809 Grabgebrauch

392 1826 852 1892 zurechtgemachte
872 1826 1031 1874 Verse
1056 1826 1191 1874 eines
1213 1827 1422 1874 Werkes
1450 1844 1507 1874 zu
1525 1827 1824 1876 enthalten.”
1844 1827 1959 1890 Quo

393 1912 441 1959 in
487 1910 702 1959 carmine
736 1909 1038 1957 restituendo
1070 1909 1235 1957 eidem
1270 1908 1451 1972 placuit
1485 1910 1771 1973 prudentius
1805 1927 1958 1975 agere

393 2006 444 2043 et
477 2011 574 2042 non
609 1993 750 2040 unius
785 1992 1026 2049 carminis,
1062 1992 1152 2040 sed
1186 1992 1436 2040 cuiusdam
1472 1993 1737 2040 carminum
1760 1993 1958 2058 generis

391 2077 599 2141 vestigia
634 2076 885 2139 indagare.
923 2075 1070 2122 Cuius
1105 2091 1135 2123 a
1164 2085 1305 2138 parte
1337 2075 1500 2123 Christ
1529 2092 1728 2140 quoque
1752 2086 1851 2124 stat
1873 2076 1957 2140 qui

390 2161 676 2208 laminarum
707 2175 880 2206 versus
906 2175 968 2205 ex
987 2157 1144 2221 plenis
1161 2157 1490 2222 perfectisque
1509 2158 1702 2222 hymnis
1721 2158 1956 2223 Orphicis

391 2245 681 2306 desumptos
717 2258 829 2289 esse
865 2241 1044 2288 iudicat
1065 2244 1113 2303 3).

456 2326 692 2374 Videmus
738 2324 884 2388 igitur
931 2341 1026 2371 non
1075 2340 1249 2371 omnes
1290 2324 1582 2388 interpretes
1617 2324 1956 2373 Dieterichum

388 2420 585 2458 secutos
603 2425 728 2456 esse.
750 2407 848 2469 Qui
866 2407 1020 2454 tribus
1047 2406 1440 2470 inscriptionibus
1458 2425 1607 2455 unum
1628 2407 1836 2456 subesse
1855 2424 1953 2456 car-

389 2509 502 2540 men
527 2491 789 2539 arbitratus
815 2489 1075 2538 enucleare
1105 2499 1310 2538 conatus
1332 2501 1408 2538 est
1430 2490 1679 2553 quodnam
1703 2490 1954 2554 pristinum

458 2622 488 2675 1)
516 2622 826 2670 Radermacher,
854 2620 999 2659 Rhein.
1029 2621 1136 2659 Mus.
1164 2633 1199 2659 a.
1233 2633 1331 2670 1912
1363 2634 1402 2671 p.
1432 2632 1523 2669 474.

454 2687 485 2737 ¹)
514 2687 694 2738 Gruppe,
722 2686 763 2725 in
794 2685 988 2725 Roscheri
1013 2685 1157 2734 lexico,
1186 2698 1216 2724 s.
1245 2699 1283 2725 V.
1313 2686 1499 2736 Orpheus
1527 2699 1567 2737 p.
1601 2685 1789 2738 1124s25.

456 2752 486 2805 3)
515 2751 661 2800 Christ,
690 2751 931 2790 Geschichte
959 2752 1031 2790 der
1055 2750 1340 2790 Griechischen
1370 2751 1599 2800 Literatur⁴‚
1618 2763 1654 2790 a.
1677 2762 1774 2802 1905
1796 2763 1835 2802 p.
1855 2750 1946 2791 822:

387 2839 463 2866 ,‚—
494 2830 546 2856 an
574 2817 640 2856 die
667 2815 905 2868 orphischen
926 2818 1120 2866 Hymnen
1140 2814 1353 2855 schliessen
1373 2815 1457 2855 sich
1477 2815 1542 2855 die
1561 2815 1805 2866 mystischen
1825 2816 1953 2855 Verse

387 2895 440 2922 an
467 2882 533 2921 die
561 2882 705 2921 Gotter
731 2881 802 2920 der
827 2881 1051 2921 Unterwelt
1077 2893 1142 2930 an,
1170 2881 1319 2919 welche
1345 2881 1419 2920 auf
1439 2881 1641 2931 goldenen
1668 2880 1879 2920 Plattchen
1907 2879 1950 2919 in

386 2946 679 2988 Unter-Italien
707 2947 914 2997 gefunden
957 2946 1124 2984 wurden
1167 2946 1251 2984 und
1294 2958 1366 2984 aus
1411 2945 1705 2996 vollstandigen
1754 2947 1951 2996 Hymnen

386 3011 707 3062 herausgerissen
736 3011 865 3051 sind.''
