2176 3450
994 344 1082 392 145

322 468 486 532 Quem
519 484 719 516 versum
764 465 1047 531 complures
1090 466 1386 530 interpretes
1404 466 1439 529 1)
1483 466 1551 514 ita
1594 465 1823 530 explana-

255 561 444 610 verunt,
504 561 558 600 ut
607 560 860 599 sumerent
906 559 1191 599 terrestrem
1243 549 1392 597 vitam
1443 565 1659 613 poenam
1711 565 1824 598 esse

255 639 448 683 παλαιοῦ
479 634 719 694 uba-209²)
764 631 930 695 Quam
976 632 1248 681 doctrinam
1292 631 1564 696 Orphicam
1604 632 1823 681 nonnulli

255 715 422 766 ltaliae
451 715 694 765 inferioris
721 715 967 764 thiasotae
996 715 1207 764 fortasse
1236 714 1393 764 secuti
1420 725 1553 773 sunt3
1572 732 1686 764 nam
1703 716 1827 765 sicut

256 799 483 849 homines
499 797 587 847 οἶσι
613 798 765 847 ποινάν
789 801 982 846 παλαιοῦ
999 801 1189 853 πένθεος
1205 801 1374 858 δέξεται
1396 800 1430 862 ⁸)
1451 797 1757 864 Proserpina,
1777 799 1825 848 in

255 883 518 932 beatorum
552 881 787 946 paradiso
831 880 1000 930 vivere
1046 880 1270 929 dicuntur
1314 882 1482 946 (quem
1526 881 1825 948 Pythagorei

257 965 526 1030 antiquitus
567 965 613 1014 in
654 965 761 1013 sole
802 975 853 1013 et
885 963 1001 1013 luna
1037 963 1419 1028 collocaverunt)
1453 975 1505 1013 et
1537 966 1680 1028 ἥρωες
1704 965 1826 1025 ἁγνοί

256 1049 679 1114 nuncupabantur,
737 1048 803 1097 ita
860 1047 1112 1097 sodalibus
1168 1047 1398 1097 Petelinis
1454 1065 1586 1113 aqua
1650 1048 1827 1115 frigida

256 1132 474 1181 bibenda
506 1143 616 1181 erat
649 1141 703 1180 ut
737 1132 793 1180 iis
828 1131 1111 1196 obtingeret
1140 1130 1189 1179 τὰ
1203 1139 1231 1186 ⁴)
1266 1131 1465 1188 ,ἄλλοισι
1496 1131 1604 1190 μεθ’
1635 1129 1827 1195 ἡρώεσσι

258 1213 468 1274 ἀνάξεινῖ
514 1215 653 1281 Ergo
700 1214 934 1264 credibile
981 1223 1058 1263 est
1103 1231 1201 1263 non
1247 1213 1495 1264 Petelinos
1540 1214 1696 1263 solum
1735 1215 1828 1264 sed

258 1298 407 1348 etiam
448 1297 698 1347 Thurinos
738 1298 832 1347 hoc
879 1298 943 1346 de
985 1313 1150 1362 poena
1194 1302 1386 1345 παλαιοῦ
1409 1300 1601 1353 πένθεος
1640 1299 1827 1364 dogma

259 1382 348 1431 sibi
398 1381 644 1431 ascivisse.
699 1381 887 1430 Versus
938 1381 1067 1430 enim
1118 1396 1151 1441 4
1184 1381 1412 1429 carminis
1455 1380 1686 1446 supplicis
1731 1382 1827 1431 hoc

258 1475 432 1530 aperte
467 1465 720 1513 enuntiare
755 1465 960 1523 videtur,
995 1464 1209 1512 animum
1250 1473 1536 1512 terrestrem
1585 1466 1732 1514 vitam
1778 1465 1827 1513 in

258 1548 504 1597 aerumnis
549 1548 748 1612 degisse
792 1558 844 1596 et
889 1547 979 1595 has
1031 1547 1162 1596 vitae
1214 1546 1520 1596 calamitates
1571 1558 1826 1612 tamquam

259 1631 539 1679 iniuriarum
587 1647 776 1695 poenas
821 1630 910 1679 sibi
954 1629 1221 1679 solvendas
1266 1629 1449 1678 tulisse.
1496 1630 1615 1687 Sed,
1662 1648 1828 1696 quam-

260 1731 407 1779 quam
443 1714 567 1763 haec
602 1714 670 1762 ita
703 1731 758 1763 se
792 1713 991 1772 habent,
1027 1713 1121 1762 alia
1156 1713 1508 1777 interpretandi
1541 1714 1633 1772 via,
1666 1731 1828 1779 eaque

259 1815 358 1847 non
395 1798 551 1846 minus
585 1797 855 1862 probabilis
890 1807 1064 1861 patere
1099 1797 1314 1845 videtur:

324 1881 494 1930 Livius
515 1883 547 1942 ⁸)
584 1881 855 1931 Duroniam
890 1879 1004 1928 fecit
1038 1881 1285 1929 dicentem
1321 1897 1376 1929 se
1412 1898 1506 1945 pro
1536 1897 1693 1947 aegro
1721 1881 1828 1932 filio

260 1965 487 2023 „vovisse
522 1965 603 2013 ubi
638 1965 847 2029 primum
881 1964 1226 2022 convaluisset,
1257 1963 1466 2013 Bacchis
1496 1981 1609 2013 eum
1638 1982 1693 2014 se
1713 1966 1829 2014 initi-

260 2058 471 2107 amram,
502 2049 787 2096 damnatam
816 2047 918 2096 voti
953 2047 1264 2113 benignitate
1299 2048 1446 2096 deum
1483 2048 1746 2098 exsolvere
1781 2049 1831 2098 id

260 2131 401 2180 velle.
438 2131 630 2180 Decem
660 2131 851 2179 dierum
882 2130 1170 2179 castimonia
1199 2148 1326 2195 opus
1358 2148 1491 2189 esse,
1524 2131 1719 2180 decimo
1749 2133 1830 2181 die

261 2225 504 2272 cenatum,
529 2214 711 2263 deinde
736 2230 859 2278 pure
883 2213 1066 2262 lautum
1093 2214 1139 2262 in
1164 2215 1433 2263 sacrarium
1459 2215 1828 2264 deducturam.’'

327 2298 525 2347 Deinde
562 2309 751 2355 „mater
786 2297 1086 2346 mentionem
1123 2297 1295 2356 intulit,
1331 2298 1450 2363 quid
1485 2315 1548 2347 eo
1581 2298 1677 2357 die,
1714 2300 1830 2363 quid

262 2380 499 2445 deinceps
532 2381 725 2439 ceteris,
761 2397 889 2445 quae
923 2380 988 2429 ad
1023 2397 1163 2430 sacra
1197 2381 1515 2446 pertinerent,
1553 2381 1828 2431 faciendum

261 2463 445 2514 esset.’'
462 2467 496 2528 ⁶)
517 2463 830 2513 Meminimus
847 2474 1014 2513 autem
1034 2464 1079 2512 in
1098 2464 1277 2514 lamina
1295 2464 1515 2514 Thurina
1533 2465 1578 2513 V
1597 2466 1831 2530 scriptum

263 2565 376 2597 esse
410 2549 474 2611 (v.
513 2561 538 2607 7
576 2553 734 2612 seq.):

319 2661 348 2711 1)
375 2660 480 2701 Vide
505 2674 595 2713 cap.
627 2661 682 2699 lV
711 2665 731 2709 5
761 2674 796 2710 2,
824 2662 871 2701 B.

317 2726 348 2775 ⁹)
375 2727 499 2776 Plato,
527 2726 679 2778 Cratyl.
707 2739 749 2778 p.
778 2739 869 2776 ⁴00,
897 2739 934 2767 c.

317 2792 347 2841 ³)
374 2791 535 2831 Pindari
549 2791 742 2843 fragm-in
757 2791 932 2832 Platonis
948 2793 1129 2832 Menone
1143 2806 1183 2844 p.
1200 2794 1320 2843 81,b;
1335 2794 1386 2833 cs.
1397 2806 1518 2845 supra
1532 2795 1689 2845 cap.1v
1701 2798 1722 2843 ς
1733 2796 1831 2845 2,A.

316 2859 348 2907 ⁴)
375 2858 488 2897 Lam.
517 2856 719 2897 Petelinae
745 2870 784 2897 v.
817 2870 878 2897 11.

319 2922 348 2972 ⁸)
375 2921 511 2962 Livius
537 2922 564 2962 1.
592 2935 655 2974 39,
684 2935 720 2962 c.
739 2935 779 2975 9.
806 2926 826 2971 ς
857 2937 894 2971 4.

318 2987 348 3035 θ)
375 2986 510 3027 Livius
538 2987 603 3028 1.1.
630 3000 667 3027 c.
699 3000 760 3037 ιι,
789 2992 808 3035 5
841 3001 872 3027 1.

1704 3074 1751 3100 10
