2176 3450
989 411 1046 456 19

232 539 468 596 fecerunt,
494 538 528 600 1)
578 545 835 600 postremo
880 549 992 583 eam
1037 531 1296 597 epistulam
1347 529 1539 578 confert
1588 529 1653 577 de
1699 544 1799 592 qua

234 621 368 687 apud
402 619 628 670 Servium
661 618 727 667 ad
761 617 913 682 Verg.
934 616 1059 665 Aen.
1080 614 1146 663 Vl
1167 629 1257 677 532
1278 613 1458 679 legitur
1477 611 1800 671 „Tiberianus

234 704 417 754 inducit
461 702 721 768 epistulam
766 710 919 750 vento
964 698 1161 749 allatam
1203 698 1268 747 ab
1303 695 1635 761 antipodibus,
1670 711 1800 760 quae

235 788 389 837 habet
429 785 620 850 «superi
654 784 825 833 Inferis
858 781 1148 832 salutem›.”
1177 780 1340 843 Quam
1358 779 1677 829 Tiberianum
1702 794 1802 827 non

235 871 301 920 ad
334 869 721 918 Christianorum
755 866 1073 915 imitationem
1098 865 1362 922 induxisse,
1382 863 1474 912 sed
1492 861 1804 911 Christianos

235 953 402 1003 talium
447 951 699 1000 literarum
744 949 967 999 notitiam
1012 965 1043 998 a
1088 947 1354 1013 gentilibus
1388 955 1639 995 mutuatos
1673 961 1802 1002 esse,

237 1052 505 1100 earumque
539 1034 781 1100 originem
816 1033 961 1082 altius
979 1032 1303 1097 repetendam
1321 1046 1436 1079 esse
1453 1046 1603 1095 quam
1620 1028 1806 1078 homini

239 1119 546 1169 festinantius
563 1117 791 1166 iudicanti
808 1116 1044 1174 videatur,
1065 1131 1246 1179 nempe
1259 1131 1288 1163 e
1301 1113 1544 1162 sodaliciis
1556 1112 1805 1177 Orphieis,

238 1203 527 1252 arbibratur.
581 1200 732 1263 Quod
777 1200 818 1248 si
862 1215 1097 1265 rogamus
1139 1213 1290 1263 quam
1334 1197 1402 1246 ob
1447 1213 1643 1245 causam
1679 1196 1807 1245 hanc

240 1285 482 1350 originem
516 1285 581 1332 ab
616 1283 849 1348 Orphieis
882 1281 1207 1346 repetendam
1224 1297 1337 1329 esse
1355 1280 1636 1338 contendat,
1655 1295 1807 1327 unum

239 1378 429 1418 tantum
480 1376 822 1432 argumentum
872 1365 1040 1414 Maass
1090 1364 1260 1413 affert:
1314 1363 1437 1422 „das
1479 1364 1683 1412 beweist
1727 1363 1809 1412 die

240 1450 547 1500 Thrakische
580 1448 817 1498 Parallele
838 1447 921 1508 ²).''
956 1448 1057 1496 lam
1092 1463 1213 1496 vero
1231 1446 1512 1512 relegamur
1534 1446 1600 1496 ad
1618 1462 1809 1495 morem

242 1534 492 1600 quendam
532 1533 775 1581 Getarum
819 1532 903 1596 qui
947 1531 1115 1596 quinto
1156 1547 1357 1595 quoque
1410 1547 1542 1579 anno
1591 1529 1811 1579 Zalmoxi

243 1618 342 1667 deo
376 1633 469 1666 suo
503 1615 720 1665 nuntium
755 1615 951 1663 mittere
986 1613 1229 1663 solebant.
1253 1613 1416 1675 Quem
1439 1613 1679 1662 Getarum
1707 1613 1811 1662 Zal-

244 1701 402 1750 moxis
424 1699 606 1750 cultum
625 1698 758 1748 omni
776 1715 839 1747 ex
857 1707 998 1762 parte
1015 1714 1126 1746 cum
1145 1697 1451 1746 Graecorum
1471 1696 1663 1761 Orphei
1683 1695 1811 1745 cultu

244 1800 537 1851 congruere,
582 1782 731 1831 deum
770 1781 1032 1830 Thracium
1073 1781 1197 1829 sicut
1232 1780 1489 1845 Orpheum
1524 1780 1590 1829 ad
1624 1779 1813 1829 Inferos

245 1867 565 1917 descendisse
600 1876 652 1915 et
685 1865 800 1914 inde
836 1864 1056 1922 rediisse,
1091 1874 1338 1913 mortuum
1389 1880 1504 1913 esse
1555 1874 1606 1912 et
1658 1881 1813 1913 resur·

246 1952 433 2001 rexisse
466 1959 833 1999 commemorat.
854 1947 1018 2010 Quam
1036 1948 1103 1996 ob
1122 1964 1322 1996 causam
1341 1946 1519 1996 cultum
1538 1946 1813 2012 Orphicum

247 2051 393 2101 quam
429 2033 642 2082 maxime
677 2032 853 2082 Getico
888 2032 981 2080 isto
1015 2048 1156 2080 more
1190 2030 1412 2080 illustrari
1446 2041 1589 2096 putat
1608 2033 1658 2091 ⁸).

315 2145 344 2196 1)
371 2144 519 2192 Maass,
546 2155 586 2194 p.
619 2142 689 2181 161
722 2153 764 2181 11.
794 2151 868 2192 59:
897 2140 1040 2189 „Noch
1067 2140 1203 2179 besser
1229 2148 1339 2191 passt
1372 2138 1438 2179 ein
1465 2138 1531 2179 bei
1557 2139 1814 2180 christlichen

247 2209 552 2251 Schriftstellern
580 2206 785 2247 mehrfach
812 2206 1148 2246 vorkomtnendes
1175 2206 1324 2246 Motiv:
1353 2204 1536 2246 Christus
1563 2206 1663 2246 oder
1686 2204 1818 2245 Maria

248 2274 468 2328 (Fabricius
508 2273 650 2313 Codex
690 2271 960 2324 Apocryphus
999 2271 1094 2311 novi
1134 2270 1399 2321 Testamenti,
1447 2271 1665 2323 Hamburg
1714 2282 1818 2323 1719

251 2354 291 2394 p.
325 2341 403 2392 308
430 2352 491 2391 sq.
543 2339 595 2379 cf.
623 2338 802 2387 Norden,
830 2336 991 2389 Beilage
1017 2350 1086 2377 zur
1114 2338 1344 2376 Munchner
1370 2337 1462 2389 Aug
1500 2337 1675 2390 Zeitung
1700 2338 1817 2390 1893,

255 2417 327 2455 107
371 2406 412 2445 S.
454 2403 512 2452 6²)
551 2403 649 2443 oder
689 2402 780 2443 eine
819 2403 970 2442 andere
1011 2402 1216 2443 Antoritat
1242 2402 1336 2448 (z.B.
1365 2403 1534 2443 Baruch.
1563 2403 1645 2455 vgl.
1672 2403 1817 2444 dessen

252 2471 510 2523 Apokalypse
528 2469 570 2509 in
586 2468 806 2509 Fritzsches
824 2467 932 2508 Libri
950 2480 1084 2519 apocr.
1102 2475 1182 2508 vet.
1195 2469 1307 2508 Test.
1326 2481 1367 2520 p.
1387 2469 1480 2520 ⁶99)
1493 2468 1574 2508 den
1588 2468 1819 2521 Glaubigen

253 2536 383 2577 Briese
409 2548 503 2575 vom
533 2534 715 2575 Himmel
739 2533 962 2574 sendend”.

321 2601 350 2648 ³)
379 2602 525 2650 Maass,
551 2600 618 2641 1.1.:
644 2600 780 2649 „Aber
807 2598 919 2639 nicht
945 2599 1017 2639 der
1044 2598 1277 2639 heidnische
1303 2599 1402 2639 Poet
1429 2599 1500 2640 des
1529 2598 1682 2639 vierten
1706 2599 1822 2652 Jahr-

255 2666 449 2706 hunderts
457 2664 726 2713 (Tiberianus)
739 2665 806 2704 hat
820 2663 957 2704 diesen
968 2665 1054 2716 Zug
1063 2665 1142 2703 den
1157 2663 1345 2704 Christen
1360 2663 1448 2711 (wie
1466 2665 1631 2704 Norden
1641 2663 1821 2715 meinte),

255 2731 429 2772 sondern
466 2730 612 2771 wieder
651 2730 717 2770 die
757 2730 945 2770 Christen
988 2730 1118 2771 haben
1160 2729 1231 2769 ihn
1273 2729 1352 2769 den
1391 2728 1554 2769 Heiden
1584 2730 1821 2782 abgeborgt.

257 2796 452 2837 Offenbar
485 2795 611 2836 reicht
647 2808 690 2836 er
724 2795 859 2836 weiter
894 2796 1055 2844 zumck,
1091 2795 1148 2835 als
1183 2808 1226 2834 es
1261 2795 1472 2835 zunachtst
1503 2795 1584 2835 den
1613 2794 1820 2835 Ansehein

257 2862 339 2911 hat,
366 2861 406 2901 in
435 2862 501 2901 die
526 2861 767 2913 orphizchen
795 2860 957 2911 Kreise3
989 2860 1061 2901 das
1074 2860 1239 2900 beweist
1252 2860 1319 2900 die
1331 2860 1579 2901 Thrakische
1593 2860 1823 2902 Paranele.”

312 2927 342 2977 ⁸)
370 2928 516 2976 Maass,
531 2940 572 2978 p.
590 2928 677 2966 161:
705 2926 803 2975 „Ich
830 2926 943 2966 stehe
971 2925 1083 2966 nicht
1109 2939 1161 2965 an
1190 2939 1238 2965 zu
1265 2926 1512 2978 behaupten‚
1540 2926 1632 2966 dass
1658 2925 1729 2966 wir
1756 2925 1823 2966 die

260 2991 599 3044 ursprnnglichste
626 2992 746 3032 Forrn
774 2992 845 3031 des
872 2991 1112 3043 orphischen
1142 2991 1292 3032 Kultus
1319 3004 1384 3031 am
1409 2991 1584 3032 reinsten
1604 3003 1676 3031 aus
1694 2990 1826 3032 seiner

258 3057 533 3098 Thrakischen
561 3057 748 3097 Parallele
773 3057 937 3097 kennen
965 3056 1143 3097 lernen.”
