2176 3450
982 361 1072 410 159

236 485 441 534 deorum
475 496 528 535 et
560 485 766 536 aliorum
802 495 854 536 et
886 484 1095 550 Euc(u)li
1129 484 1310 534 cultum
1341 487 1627 551 suppressit.
1659 486 1805 535 Hunc

236 578 403 618 autem
447 568 597 618 deum
641 586 740 619 non
785 578 976 634 mystae
1018 567 1180 618 solum
1229 577 1484 634 tamquam
1533 570 1805 619 animarum

235 652 427 717 piarum
453 656 613 711 ταμίαν
630 652 902 711 coluerunt,
921 653 1011 701 sed
1035 651 1187 701 etiam
1211 662 1441 717 pastores
1462 652 1566 702 Itali
1583 653 1805 702 venerati

237 745 362 784 sunt.
388 733 540 798 Quod
561 746 772 800 apparet
787 735 867 785 vel
885 752 948 785 ex
966 752 1029 784 eo
1047 735 1184 800 quod
1202 734 1322 784 Osci
1340 752 1454 784 eum
1472 735 1519 784 in
1537 735 1804 785 Floralium

237 834 443 867 numero
477 829 747 883 posuerunt
767 824 801 879 ¹)
836 829 887 868 et
921 819 966 868 ei
1005 835 1102 867 una
1135 835 1245 867 cum
1280 818 1520 868 Praestite
1553 819 1748 878 cereali,
1769 819 1804 880 ⁸)

237 901 398 950 Matre
431 901 610 950 cereali
652 913 704 951 et
745 901 894 950 Flora
939 901 1120 951 cereali
1166 918 1307 951 sacra
1351 901 1589 962 fecerunt,
1642 919 1805 968 neque

236 985 394 1032 minus
427 983 698 1034 luculenter
731 985 1042 1050 epigramma
1076 995 1284 1034 testatur
1317 985 1412 1034 hoc
1433 988 1493 1050 τ’)

443 1102 635 1154 Εὖκολος
665 1105 879 1159 *Ερμείαω
909 1098 944 1147 ὦ
975 1105 1183 1159 walperto,
1216 1106 1262 1148 ἐν
1294 1103 1340 1148 δὲ
1372 1103 1555 1158 γάλακτι

445 1182 602 1238 χαίρων
634 1184 705 1225 καὶ
737 1181 896 1239 &eutrop
927 1181 1226 1237 σπενδομὲνοις
1254 1182 1409 1237 μέλιτι.
1442 1201 1480 1228 κ.
1498 1200 1535 1228 τ.
1556 1183 1595 1228 λ..

302 1293 455 1343 Cuius
489 1295 632 1360 origo
662 1295 832 1361 ignota
861 1295 1060 1360 quidem
1091 1305 1184 1353 est,
1211 1297 1303 1345 sed
1330 1295 1576 1346 Graeciae
1605 1296 1805 1346 maioris

236 1377 406 1426 incolis
456 1378 715 1428 tribuenda
764 1395 877 1427 esse
926 1379 1131 1436 videtur,
1185 1389 1454 1444 propterea
1506 1380 1642 1444 quod
1686 1380 1804 1429 anti·

236 1460 398 1525 quitus
442 1478 541 1510 non
589 1461 678 1510 nisi
719 1478 750 1510 a
790 1461 1143 1527 Metapontinis
1184 1462 1401 1512 Hermes
1437 1464 1633 1512 nomine
1668 1463 1806 1528 quod

235 1553 314 1592 est
345 1545 535 1599 Εὔκολος
566 1555 768 1594 ornatus
802 1555 892 1594 est.

301 1626 442 1675 Nunc
485 1638 624 1692 patet
668 1629 785 1693 quid
825 1629 897 1678 rei
935 1628 1140 1678 Bacchis
1175 1646 1285 1677 cum
1319 1630 1603 1694 pastoribus
1639 1629 1801 1680 fuerit.

237 1708 378 1772 Quos
423 1710 554 1759 enim
599 1711 764 1761 Livius
807 1711 923 1771 vult,
970 1729 1069 1762 non
1108 1711 1312 1772 βουκόλοι
1352 1712 1554 1778 Orphici
1590 1713 1801 1772 fuerunt,

236 1792 327 1841 sed
367 1791 573 1852 ποιμένες
617 1794 843 1859 Euc(u)li,
890 1796 971 1845 dei
1016 1796 1280 1861 pastoralis
1325 1796 1555 1855 cultores,
1593 1814 1803 1862 quorum

235 1891 377 1924 sacra
413 1892 445 1925 a
483 1877 851 1943 magistratibus
885 1879 1122 1929 Romanis
1155 1880 1401 1945 prohibita
1435 1891 1560 1930 sunt.
1597 1881 1803 1930 Senatui

236 1959 366 2009 enim
400 1960 782 2026 consulibusque
817 1962 1000 2020 „multa
1034 1962 1164 2012 milia
1198 1963 1480 2012 hominum”
1500 1966 1536 2028 ⁴)
1570 1965 1652 2029 qui
1681 1964 1806 2014 haec

236 2058 379 2091 sacra
423 2042 803 2094 celebraverunt
840 2055 1024 2094 metum
1061 2047 1284 2096 iniecisse
1319 2047 1546 2096 videntur
1579 2057 1630 2096 et
1664 2065 1804 2097 cave-

294 2158 321 2208 ¹)
350 2156 457 2197 Vide
482 2167 606 2209 eaput
634 2159 684 2207 ΙΙ,
712 2162 732 2207 ς
761 2172 798 2210 3.

291 2221 323 2272 ²)
351 2222 548 2262 Zuetaieff
583 2222 765 2263 dativum
806 2225 975 2264 Pernat'
1011 2225 1130 2266 vertit
1172 2227 1384 2274 Praestiti,
1414 2227 1642 2266 Mommsen
1671 2227 1780 2266 Pali
1788 2243 1806 2274 ,-

236 2288 290 2328 εἰ.
319 2287 510 2336 Prestota,
539 2289 784 2329 Umbrorum
814 2290 892 2329 dea
917 2290 1162 2341 (Buecheler,
1193 2291 1386 2332 Umbrica
1413 2305 1453 2343 p.
1483 2291 1561 2342 98).

290 2352 323 2403 ⁸)
350 2353 513 2393 Anthol.
541 2354 665 2393 Palat.
693 2355 764 2404 IX,
795 2366 857 2404 72.

288 2419 323 2467 ⁴)
355 2418 509 2457 Consul
544 2420 654 2471 apud
697 2420 781 2459 Liv.
814 2421 864 2459 l.l.
890 2433 925 2460 c.
959 2433 1004 2472 ¹5
1036 2426 1055 2469 5
1084 2421 1107 2459 8
1149 2421 1268 2462 dicit:
1312 2422 1449 2473 „quod
1491 2422 1542 2461 ad
1585 2422 1806 2463 multitudi-

239 2482 332 2523 ne'm
374 2483 531 2532 attinet,
572 2484 604 2523 si
649 2484 802 2533 dixero,
848 2486 973 2526 multa
1013 2486 1122 2526 milia
1159 2487 1367 2527 hominum
1411 2500 1510 2537 esse,
1554 2501 1717 2529 necesse
1745 2498 1805 2530 est

237 2549 529 2599 exterreamim,
543 2549 620 2589 nisi
634 2550 867 2598 adiunxero,
883 2550 952 2603 qui
966 2552 1187 2604 qualesque
1201 2551 1334 2592 sunt”.
1363 2553 1424 2593 Cf.
1455 2552 1554 2592 Livii
1571 2553 1623 2592 de
1639 2552 1805 2593 Bacchis

238 2613 513 2654 testimonium
541 2615 592 2655 1.1.
620 2628 655 2656 c.
689 2627 733 2666 17
764 2620 783 2664 ς
814 2617 859 2656 6:
886 2616 1142 2666 „coniurasse
1169 2631 1290 2670 supra
1317 2627 1472 2670 septem
1502 2618 1609 2658 milia
1627 2618 1804 2658 virorum

237 2691 285 2718 ac
326 2678 537 2719 mulierum
579 2680 864 2730 dicebantur'';
909 2681 1016 2722 idem
1060 2691 1196 2723 autem
1238 2683 1390 2724 rettulit
1431 2684 1497 2729 (1.1.
1539 2697 1575 2724 c.
1620 2697 1670 2735 ²9
1712 2688 1732 2732 5
1766 2689 1805 2735 9)

237 2743 486 2784 Postumium
515 2754 739 2797 praetorem
769 2760 805 2787 a.
840 2748 910 2798 185
941 2748 994 2787 ad
1015 2755 1171 2799 septem
1185 2748 1292 2788 milia
1307 2748 1516 2789 hominum
1531 2748 1805 2790 trucidavisse.

236 2809 510 2861 Intellegimus
537 2810 659 2863 igitur
685 2819 842 2863 septem
869 2821 978 2852 certe
1007 2813 1114 2853 milia
1140 2822 1362 2865 mystarum
1389 2822 1428 2854 et
1449 2823 1655 2866 pastorum
1670 2814 1805 2855 fuisse.

236 2874 420 2915 Fortasse
446 2875 536 2927 plus
562 2889 686 2928 quam
714 2885 870 2929 septem
898 2877 1006 2918 milia
1028 2879 1202 2919 fuerunt.
1219 2879 1270 2930 Q.
1286 2880 1462 2920 Naevius
1477 2879 1584 2919 enim
1599 2892 1709 2919 anno
1732 2880 1804 2929 184

237 2938 297 2988 „si
324 2939 478 2980 Antisti
507 2941 666 2981 Valerio
693 2942 857 2983 credere
884 2942 992 2993 libet,
1020 2944 1072 2983 ad
1101 2945 1184 2984 duo
1204 2945 1312 2985 milia
1333 2945 1541 2985 hominum
1558 2944 1805 2995 damnavit”,

236 3003 337 3051 (Liv.
364 3005 390 3045 1.
419 3018 470 3057 ³9
496 3019 532 3046 c.
560 3019 608 3055 4¹
643 3009 665 3057 9
695 3008 747 3056 6).
